4732 5746
1198 152 1207 183 r

1092 327 1269 385 ..4-

294 510 364 571 latis
377 510 527 571 subsidiis
548 509 608 571 illis
629 510 867 586 pretiosissimis
890 508 923 570 F.
945 515 978 570 et
991 508 1068 570 Fris.
1084 508 1137 587 (cf.
1159 526 1186 571 e.
1208 527 1239 587 g.
1262 526 1373 589 paneg.
1396 511 1520 574 Messal.
1541 513 1793 576 acessionem
1816 512 1839 574 F
1859 514 1939 575 fato
1965 511 2062 590 GAV,

293 608 410 687 Sulpic.
433 609 525 686 epist.
548 608 578 681 a,
600 609 619 669 8
640 609 713 668 iam
735 606 828 668 licet
849 606 873 668 F
894 624 966 668 non
992 607 1095 667 sinet
1116 605 1221 684 GAV),
1242 614 1351 670 tamen
1371 609 1457 687 ipsos
1483 610 1583 671 multo
1612 616 1775 685 praestare
1801 610 1888 671 libris
1916 628 1936 671 a
1955 611 2056 674 Lach-

294 723 412 767 manno
437 704 586 767 adhibitis
611 704 664 765 vel
684 704 758 766 inde
780 707 983 783 perspicuum
1010 711 1069 778 est,
1096 705 1182 781 quod
1209 721 1321 767 versus
1347 708 1488 768 nonnulli
1515 708 1552 784 (I,
1572 709 1602 782 2,
1622 708 1676 782 263
1707 707 1745 783 Il,
1765 709 1796 780 3,
1817 707 1871 781 tc;
1892 708 1930 782 II,
1950 707 1980 780 3,
2002 707 2056 776 78;

295 803 393 883 Lygd.
415 803 508 879 hdo),
530 819 611 880 quos
632 801 672 863 ab
687 801 773 863 Italis
794 802 855 863 illis
877 802 1050 863 notissimis
1064 801 1187 863 Seneca
1203 804 1338 881 Aurispa
1358 805 1501 867 Pontano
1522 806 1744 883 suppositicios
1758 822 1830 867 esse
1844 805 1962 867 diserta
1982 821 2057 866 con·

215 909 218 916 '
293 902 422 963 firmant
452 902 646 975 testimonia,
673 900 789 961 desunt
819 901 851 960 in
882 898 1141 976 Baehrensianis,
1167 901 1200 962 in
1226 901 1489 966 Lachmannianis
1525 905 1688 967 codicibus
1720 904 1897 967 traduntur.
1949 903 2059 980 Neque

294 1017 371 1063 vero
398 1000 514 1060 multas
539 999 691 1059 lectiones
718 1005 811 1060 antea
837 996 877 1058 ob
904 998 1056 1060 Italorum
1090 1000 1351 1076 interpolationes
1382 1001 1494 1064 dubias
1525 1019 1610 1064 nunc
1641 1020 1705 1064 non
1737 1009 1861 1063 constat
1886 1003 2059 1078 antiquitus

295 1114 368 1160 esse
387 1096 530 1170 traditas,
557 1095 644 1157 velut
671 1095 778 1156 Puccii
804 1095 1045 1158 emendationes
1073 1098 1224 1175 plurimas
1252 1099 1282 1158 in
1311 1101 1477 1177 propatulo
1503 1108 1552 1162 est
1573 1101 1641 1179 ipso
1668 1117 1708 1162 ex
1728 1101 1799 1162 cod.
1824 1100 1851 1162 G
1872 1101 2058 1177 desumptas

295 1198 412 1276 esse.¹)
452 1198 551 1258 Porro
574 1194 798 1257 Baehrensiani
825 1197 894 1257 libri
921 1197 1055 1258 induas
1083 1197 1252 1259 discedunt
1278 1198 1422 1271 familias,
1449 1215 1584 1275 quarum
1612 1198 1744 1259 alteram
1775 1199 1823 1278 (x)
1849 1200 1921 1261 cod.
1949 1198 1987 1260 G.
2016 1203 2058 1267 et,

296 1313 379 1376 quae
400 1297 545 1358 eiusdem
566 1300 640 1355 sunt
660 1294 776 1371 stirpis,
798 1300 949 1371 excerpta
962 1294 1144 1374 Parisina,2)
1159 1296 1292 1357 alteram
1307 1294 1355 1375 (y)
1370 1295 1461 1357 codd.
1486 1297 1559 1357 Aet
1579 1296 1605 1356 V
1626 1294 1907 1374 repraesentant.³)
1942 1295 2062 1369 Quibus

296 1395 501 1470 ecodioibus,
516 1396 569 1471 qui
589 1393 630 1454 ad
645 1411 743 1454 unum
758 1393 961 1469 eundemque
982 1402 1149 1458 recurrunt
1169 1392 1378 1472 archetypum
1399 1392 1463 1472 (Ο),
1485 1410 1597 1455 omnes
1617 1394 1777 1456 fluxerunt
1797 1397 1991 1456 recentiores
2005 1397 2062 1470 (ς),

295 1498 339 1558 ita
363 1501 397 1556 ut
422 1493 536 1556 horum
568 1493 721 1553 lectiones
746 1492 786 1552 ab
816 1491 942 1552 illorum
973 1492 1162 1553 testimoniis
1195 1492 1340 1553 diversae
1367 1508 1430 1552 non
1457 1492 1628 1567 antiquitus
1653 1491 1798 1566 traditae,
1821 1493 1882 1571 xsed
1909 1492 1949 1552 ab
1976 1492 2061 1553 ltalis

297 1593 492 1670 excogitatae
518 1592 580 1652 sint
606 1591 776 1668 putandae,
803 1590 918 1667 quibus
945 1607 1005 1651 nec
1030 1591 1133 1652 maior
1158 1607 1219 1651 neo
1244 1591 1347 1651 minor
1372 1589 1453 1650 fides
1480 1588 1599 1650 hahere
1625 1590 1727 1665 liceat,
1749 1607 1846 1666 quam
1867 1590 2061 1666 quibuslibet.

296 1689 529 1751 anostratibus
559 1689 689 1766 prolatis
716 1688 915 1749 coniecturis.
967 1687 1162 1760 Quibusnam
1193 1694 1301 1750 autem
1333 1689 1529 1766 cognationis
1554 1688 1703 1766 gradibus
1729 1690 1798 1765 ipse
1829 1687 2020 1767 archetypus
2042 1706 2061 1749 a

295 1789 473 1865 fragmento
494 1786 662 1847 Cuiaciano
689 1792 725 1846 et
750 1786 790 1846 ab
816 1787 974 1863 excerptis
1000 1786 1253 1864 Frisingensibus
1280 1788 1496 1863 contingatur,
1523 1787 1600 1846 certi
1631 1787 1804 1863 quicquam
1835 1787 1909 1847 sciri
1940 1787 2059 1863 nequit.

299 1886 384 1947 Haec
404 1884 511 1945 omnia
531 1900 550 1942 a
570 1880 764 1944 Baehrensio
784 1885 878 1960 plane
899 1884 1056 1961 pleneque
1077 1886 1220 1960 exposita
1240 1891 1329 1946 extra
1350 1885 1554 1947 dubitationis
1575 1885 1678 1945 aleam
1700 1886 1803 1962 posita
1823 1891 1906 1946 sunt.

404 1983 505 2044 Aliter
535 1988 643 2043 autem
673 1998 727 2042 res
756 1998 793 2043 se
823 1980 930 2056 habet,
960 1982 987 2042 si
1016 1983 1208 2058 quaerimus,
1236 1998 1318 2058 quae
1345 1984 1424 2043 ratio
1451 1982 1627 2043 intercedat
1652 1982 1734 2042 inter
1760 1982 1839 2042 duas
1866 1982 1936 2044 illas
1965 1980 2058 2041 codd.

298 2082 433 2145 familias
460 2081 486 2142 G
513 2078 611 2159 (Par.)
638 2087 670 2141 et
696 2080 758 2154 AV,
785 2087 855 2141 utra
876 2081 907 2140 in
928 2085 976 2140 tot
996 2086 1126 2156 tamque
1148 2080 1297 2156 gravibus
1324 2079 1579 2142 testimoniorum
1607 2078 1827 2156 discrepantiis
1853 2081 1995 2142 alterutri
2020 2081 2062 2141 sit

297 2180 515 2261 praeferenda.
563 2180 608 2239 Ac
629 2178 891 2241 Baehrensius
912 2177 1042 2255 quidem
1068 2179 1137 2239 cod.
1160 2176 1198 2238 G.
1221 2179 1360 2254 palmam
1386 2178 1448 2253 dat,
1470 2183 1579 2255 utpote
1600 2178 1654 2254 qui
1676 2193 1715 2238 ex
1735 2185 1863 2239 vetusto
1885 2178 2059 2255 exemplari

298 2281 409 2363 (saecl.
432 2280 460 2340 x
481 2280 534 2340 vel
555 2278 611 2355 lli)
625 2278 809 2340 fidelissime
832 2285 979 2340 exaratus
1000 2261 1076 2340 nulli
1092 2278 1342 2355 interpolationis
1357 2276 1512 2337 obnoxius
1532 2276 1573 2335 sit
1592 2273 1806 2352 suspicioni,⁴)
1826 2291 1900 2337 cum
1921 2278 1958 2352 is,
1974 2275 2059 2337 unde

298 2378 391 2442 codd.
410 2377 463 2439 AV
477 2376 606 2438 deducti
626 2376 699 2451 sint,
720 2375 821 2437 codex
846 2375 955 2453 (sacci.
985 2377 1040 2437 llll
1066 2377 1119 2437 vel
1148 2375 1234 2451 lllll)
1255 2392 1353 2452 saepe
1381 2375 1500 2435 librarii
1521 2375 1781 2452 interpolationes
1803 2382 1952 2452 expertus
1973 2376 2023 2448 sit,
2031 2373 2058 2449 l³)

298 2478 404 2556 quade
434 2491 469 2536 re
495 2475 566 2535 sine
591 2474 789 2551 arrogantiae
814 2475 954 2551 periculo
985 2491 1021 2535 se
1052 2480 1141 2552 putat
1167 2489 1262 2550 posse
1289 2472 1484 2533 contendere
1511 2472 1586 2534 inde
1611 2473 1801 2549 aScaligem'
1829 2473 1968 2534 editione
1995 2489 2059 2533 non

298 2576 401 2636 maius
426 2572 679 2633 emolumentum
699 2570 897 2631 redundasse
923 2572 954 2632 in
977 2571 1073 2631 crisin
1102 2570 1310 2632 libullianam
1342 2585 1439 2645 quam
1466 2570 1641 2648 reciperato
1662 2587 1681 2630 a
1705 2585 1741 2630 se
1767 2569 1847 2630 libro
1874 2569 2060 2648 Guelferby-

297 2669 417 2748 tano.⁶)
457 2669 567 2746 Itaque
593 2666 678 2729 hanc
703 2667 860 2728 tractandi
887 2669 971 2729 viam
998 2675 1095 2745 atque
1116 2671 1271 2730 rationem
1294 2674 1405 2729 censet
1432 2668 1658 2729 instituendam
1685 2684 1772 2729 esse:
1794 2666 1873 2742 „Ubi
1902 2667 1982 2730 Get
2008 2669 2061 2728 AV

298 2772 381 2832 inter
400 2785 436 2829 se
457 2767 656 2841 dissentiunt,
676 2764 726 2827 his
751 2766 818 2827 fere
843 2765 1060 2841 diffidendum,
1080 2766 1121 2827 ab
1147 2769 1200 2829 illo
1230 2772 1338 2828 autem
1364 2766 1423 2826 nisi
1449 2765 1490 2826 ob
1515 2781 1629 2827 causas
1655 2765 1858 2842 gravissimas
1884 2782 1948 2827 non
1973 2783 2060 2828 rece·

298 2867 440 2929 dendum
464 2866 613 2942 illiusque
642 2865 815 2940 scripturas
843 2881 900 2941 pro
927 2865 1086 2941 germanis
1112 2867 1291 2926 communis
1323 2865 1450 2941 utrique
1480 2862 1643 2941 archetypi
1674 2862 1864 2925 lectionibus
1895 2864 2060 2927 habendas

299 2961 431 3042 esse.“⁷)
466 2964 546 3025 Huic
567 2980 586 3022 a
607 2960 801 3023 Baehrensio
822 2960 863 3022 de
880 2961 950 3023 cod.
982 2963 1151 3042 Gprolato
1179 2964 1295 3025 iudicio
1318 2963 1528 3039 adstipulatus
1554 2970 1615 3046 est
1630 2964 1666 3024 ll.
1692 2965 1726 3025 P.
1755 2961 1975 3038 S'chulzius,
2007 2967 2060 3041 qui

298 3061 470 3124 editionem
495 3058 764 3122 Baehrensianam
790 3061 951 3121 recensuit
975 3061 1007 3122 in
1035 3059 1248 3139 ephemeride,
1275 3078 1358 3138 quae
1379 3062 1493 3122 dicitur
1516 3060 1764 3136 „zeitschrift
1786 3061 1846 3122 fur
1867 3061 1934 3122 das
1955 3061 2061 3139 Gym-

298 3159 586 3222 nasialwesen“
608 3175 635 3217 a.
657 3156 746 3232 1878,
767 3156 820 3219 ubi
843 3158 905 3218 vid.
928 3174 957 3235 p.
978 3159 1048 3220 684.
1090 3160 1130 3220 At
1151 3176 1228 3220 vero
1249 3158 1309 3221 hac
1335 3158 1376 3219 de
1403 3175 1437 3218 re
1459 3174 1589 3235 prorsus
1615 3158 1648 3218 in
1670 3158 1862 3219 contrariam
1889 3159 2061 3236 disputavit

299 3264 423 3337 partem
446 3254 643 3319 Conradus
667 3254 938 3332 Rossbergius,
960 3257 1013 3333 qui
1034 3257 1066 3318 in
1087 3258 1191 3318 annal.
1213 3255 1319 3335 philol.
1338 3274 1365 3317 a.
1384 3256 1465 3319 1879
1489 3255 1584 3318 editis
1604 3274 1694 3335 pagg.
1716 3256 1836 3319 71-79
1861 3256 2006 3319 codicem
2032 3256 2059 3318 G

299 3366 451 3436 tanquam
484 3355 780 3434 interpolationibus
811 3356 937 3433 egregie
971 3355 1178 3434 depravatum
1205 3356 1365 3436 propriam
1401 3361 1497 3431 atque
1524 3354 1718 3432 peculiarem
1751 3355 1972 3417 auctoritatem
2000 3355 2061 3417 sibi

298 3456 461 3519 vindicare
480 3453 618 3532 negavit,
639 3453 730 3514 codd.
752 3459 861 3515 autem
884 3454 946 3530 AV,
967 3455 1085 3532 quippe
1105 3455 1159 3531 qui
1180 3453 1365 3516 fidelissime
1386 3454 1550 3531 propagati
1570 3468 1612 3514 ne
1632 3451 1797 3514 minimam
1817 3452 1947 3530 quidem
1967 3455 2064 3515 inter·

298 3553 465 3633 polationis
486 3567 563 3630 prae
588 3568 624 3612 se
647 3553 767 3613 ferrent
787 3552 939 3628 speciem,
959 3554 1046 3613 solos
1069 3569 1127 3630 pro
1148 3552 1354 3614 fundamento
1381 3552 1489 3612 critico
1513 3549 1679 3612 habendos
1700 3565 1772 3611 esse
1796 3549 1992 3627 periclitatus
2013 3557 2063 3613 est

300 3654 528 3714 demonstrare.
563 3648 735 3711 Contendit
749 3650 833 3709 enim
856 3648 1030 3725 librarium,
1051 3651 1104 3726 qui
1119 3649 1237 3710 codicis
1259 3647 1286 3709 G
1308 3649 1353 3727 (et
1367 3663 1435 3709 exc.
1451 3645 1536 3723 Par.)
1549 3647 1726 3708 exaraverit
1747 3653 1924 3724 parentem,
1939 3665 1998 3726 pro
2013 3665 2061 3709 ar·

297 3750 390 3811 bitrio
403 3755 525 3810 textum
540 3746 743 3809 constituisse
753 3747 1096 3824 interpolationumque
1106 3747 1190 3809 mole
1201 3746 1398 3808 deformasse
1409 3760 1467 3806 seu
1479 3761 1586 3805 merae
1596 3760 1675 3805 auae
1687 3744 1908 3822 indulgentem
1919 3743 2060 3807 mutandi

298 3847 428 3909 lubidini
439 3863 496 3907 seu
512 3853 621 3923 aperta
632 3845 822 3922 exemplaris
835 3845 884 3905 sui
897 3843 1015 3905 menda
1025 3861 1082 3921 pro
1094 3845 1175 3906 virili
1186 3850 1278 3923 parte
1292 3843 1464 3905 emendare
1477 3842 1671 3904 studentem.
1702 3842 1788 3917 Quas
1801 3842 2059 3920 interpolationes

297 3962 399 4023 usque
413 3943 494 4005 adeo
508 3944 541 4003 in
556 3942 625 4003 cod.
640 3941 666 4002 G
681 3948 841 4018 grassatae
855 3957 928 4002 esse
943 3948 1063 4018 censet,
1077 3949 1112 4003 ut
1126 3949 1160 4004 et
1173 3944 1212 4005 iis
1227 3943 1315 4017 locis,
1329 3942 1444 4018 quibus
1457 3941 1623 4017 utriusque
1636 3941 1775 4002 familiae
1786 3941 1938 4003 lectiones
1948 3942 2061 4012 suapte

296 4050 410 4105 natura
423 4041 497 4103 ferri
509 4046 648 4118 possent,
663 4039 732 4100 cod.
749 4039 776 4100 G
790 4041 894 4118 potius
909 4056 1006 4117 quam
1020 4039 1112 4101 codd.
1128 4040 1180 4101 AV
1190 4039 1373 4102 testimonia
1386 4040 1419 4100 in
1430 4038 1644 4115 suspicionem
1655 4037 1800 4100 vocanda
1811 4030 1958 4110 essent.⁸)
1980 4033 2061 4106 Quid

297 4142 382 4221 quod
396 4140 609 4218 Rossbergius
621 4140 741 4213 statuit,
755 4139 938 4217 ubicunque
952 4138 1022 4200 cod.
1037 4136 1064 4199 G
1078 4141 1186 4216 negari
1207 4144 1346 4216 nequeat
1360 4136 1618 4214 anteponendum
1640 4151 1713 4198 esse
1733 4131 1824 4195 codd.
1847 4130 1900 4192 AV
1916 4164 1953 4175 -
1969 4132 2061 4193 cuius

410 4434 429 4503 Ι)
447 4436 484 4491 cf.
504 4433 614 4503 proleg.
633 4450 662 4505 p.
683 4433 725 4488 ff.

408 4522 430 4590 ¹)
448 4525 484 4579 cf.
508 4522 582 4592 prol.
605 4540 634 4593 p.
653 4522 698 4592 11,
715 4520 752 4577 14
769 4535 836 4591 sqq.

407 4612 429 4680 ⁸)
447 4613 483 4668 cf.
502 4616 629 4668 stemma
648 4626 665 4666 a
684 4610 868 4667 Baehreusio
888 4611 1041 4681 depictum
1060 4625 1088 4680 p.
1107 4607 1150 4664 18.

408 4701 431 4765 1)
451 4699 524 4769 prol.
545 4715 573 4769 p.
592 4699 636 4754 15.

288 4850 293 4865 .
408 4789 430 4855 δ)
449 4788 523 4858 prol
542 4805 571 4858 p.
590 4788 632 4842 ti.

408 4878 431 4944 ο)
448 4879 523 4948 prol.
543 4892 571 4947 p.
590 4877 634 4932 16.

408 4965 431 5035 'J
449 4968 525 5037 prol.
546 4982 572 5036 p.
590 4966 634 5021 17.

408 5057 430 5125 ⁸)
448 5058 485 5112 cf.
504 5073 533 5126 p.
551 5056 593 5112 75.
