4732 5746
1019 361 1200 419 ..q-

595 545 760 606 sonticam
785 561 849 602 esse
870 549 990 619 oportet
1011 560 1155 615 causam,
1178 561 1278 619 qnam
1299 544 1335 603 ob
1357 563 1426 604 rem
1501 589 1503 592 Α

597 643 721 703 Perdes
741 643 921 702 mulierem.
1637 703 1641 710 ,

226 749 372 810 Eiusdem
405 747 489 807 Festi
522 742 704 804 testimonio
736 742 872 802 eandem
907 741 1021 816 Cato¹l
1052 741 1195 803 adhibuit
1226 743 1447 802 elocutionem.
1479 773 1519 784 -
1551 742 1640 817 lpsas
1675 747 1782 801 autem
1820 740 1912 802 codd.
1934 741 1986 802 AV

226 844 420 920 conuptelas
447 840 552 902 adbuc
580 848 845 900 commemoratas
874 856 914 899 ex
941 840 1057 899 librarii
1085 839 1282 916 neglegentia
1318 841 1474 915 prolectas
1508 855 1580 900 esse
1606 846 1719 915 sponte
1751 841 1863 900 elucet.
1905 839 1986 900 Nam

222 959 335 1003 vocem
356 958 480 1016 inopen
501 956 558 1016 pro
580 939 684 997 mutto
706 939 785 998 mori
807 939 850 997 illi
872 936 1075 997 tribuendum
1096 953 1176 1010 esse,
1199 953 1282 1014 „quo
1296 939 1467 1013 suppositis
1487 938 1677 1015 synonymis
1700 944 1756 998 aut
1769 937 1904 998 totidem
1924 938 1987 1015 syl·

223 1042 368 1102 labarum
390 1039 599 1114 eiusdemque
620 1052 790 1096 mensurae
812 1033 974 1095 vocabulis
997 1042 1164 1095 auctorum
1184 1035 1283 1095 verba
1304 1037 1404 1111 magis
1426 1035 1465 1095 ad
1481 1051 1687 1096 communem
1701 1043 1769 1096 tum
1791 1035 1987 1096 intellectum

224 1136 517 1201 accomodabantur
542 1142 597 1195 aut
623 1135 720 1195 etiam
752 1149 840 1193 mera
869 1132 1012 1193 variandi
1045 1134 1184 1194 lubidine
1214 1133 1484 1196 immutabantur“
1515 1134 1644 1193 minime
1675 1149 1809 1194 necesse
1838 1139 1887 1193 est
1911 1149 1986 1193 oum

227 1231 453 1312 Baehrensi02)
473 1239 660 1305 statuamus,
682 1232 833 1308 quoniam
854 1231 1083 1295 vocabulorum
1105 1250 1243 1309 crepitus
1265 1239 1297 1292 et
1318 1232 1438 1291 multus
1459 1232 1658 1308 frequentem
1680 1248 1752 1292 esse
1773 1233 1804 1292 in
1825 1232 1986 1292 codicibus

223 1336 429 1396 variationem
451 1347 512 1391 non
526 1331 632 1390 minus
654 1337 742 1389 recte
763 1327 894 1388 adnotat
914 1329 1093 1404 Muellerus,
1102 1327 1128 1406 8)
1150 1346 1247 1407 quam
1266 1332 1341 1392 illud
1364 1334 1450 1391 vitoe
1470 1349 1509 1392 ex
1524 1333 1591 1390 vtro
1612 1347 1669 1407 per
1683 1332 1859 1407 simplicem
1882 1336 1986 1390 ortum

227 1448 298 1494 esse
319 1431 493 1491 litterarum
515 1429 744 1489 contusionem.
787 1428 832 1488 De
853 1428 1047 1503 reliquarum
1074 1434 1181 1488 autem
1204 1429 1456 1506 corruptelarum
1477 1429 1596 1504 origine
1617 1446 1680 1489 non
1702 1435 1760 1502 est,
1782 1428 1867 1505 quod
1889 1427 1987 1490 verba
2017 1504 2019 1509 ι

224 1530 385 1590 iaciamus.

330 1627 385 1686 His
407 1626 502 1701 igitur
524 1625 604 1685 locis
624 1629 793 1701 postquam
818 1624 954 1684 vidimus
976 1625 1046 1684 cod.
1068 1623 1095 1682 G
1116 1625 1289 1701 scripturas
1310 1641 1375 1684 non
1396 1623 1491 1684 modo
1513 1631 1735 1700 excerptorum
1755 1625 1833 1686 Fris.
1856 1625 1986 1685 stabiliri

224 1725 419 1795 auctoritate,
445 1724 504 1782 sed
533 1724 628 1784 etiam
653 1737 764 1799 reapse
789 1722 909 1798 optime
937 1720 1164 1794 commendari,
1192 1723 1255 1781 iam
1282 1721 1449 1782 audiamus
1474 1720 1703 1799 Rossbergium
1729 1722 1898 1796 dicentem,
1919 1722 1986 1783 ubi·

225 1840 352 1900 cunque
375 1822 446 1881 cod.
469 1818 495 1879 G
519 1820 743 1896 praeferendus
764 1819 805 1879 sit
827 1818 918 1878 codd.
941 1819 1002 1892 AV,
1024 1820 1108 1879 illius
1128 1821 1303 1896 scripturas
1318 1820 1516 1880 revocandas
1530 1837 1602 1882 esse
1624 1821 1664 1881 ad
1686 1820 1803 1881 librarii
1818 1823 1985 1883 cuiusdam

224 1920 474 1982 emendationes.
510 1918 591 1978 Fieri
611 1934 689 1978 sanc
704 1918 835 1994 quidem
857 1920 967 1994 potuit,
990 1923 1024 1977 ut.
1044 1916 1189 1977 librarius
1206 1918 1321 1978 menda
1341 1927 1407 1979 tam
1423 1920 1599 1993 manifesta,
1614 1919 1718 1996 qualia
1738 1926 1811 1980 sunt
1833 1919 1982 1995 bipeatos,

223 2020 275 2077 bic
297 2023 357 2080 nat
378 2015 448 2092 tibi,
471 2016 580 2074 inacta
601 2031 661 2091 per
681 2017 881 2075 coniecturas
909 2018 999 2092 quasi
1026 2016 1107 2075 ultro
1140 2032 1212 2076 sese
1244 2017 1414 2078 ollerentes
1444 2017 1476 2078 in
1509 2021 1664 2095 integrum
1696 2020 1887 2078 restitueret.
1929 2017 1986 2078 Vix

224 2124 332 2177 autem
364 2131 402 2173 ac
432 2130 471 2174 ne
501 2116 553 2174 vix
586 2115 716 2191 quidem
748 2116 815 2174 veri
851 2114 1005 2175 ducemus
1036 2114 1140 2176 simile
1174 2116 1329 2173 sonticam
1367 2131 1480 2175 vocem
1505 2121 1571 2175 tam
1596 2133 1699 2176 raram
1730 2124 1827 2192 atque
1859 2116 1898 2176 ab
1926 2132 1985 2176 usu

224 2223 289 2274 tam
320 2210 510 2285 remotam⁴l
540 2212 582 2274 de
612 2228 671 2272 suo
702 2213 791 2272 illum
824 2213 946 2273 Tibullo
978 2212 1162 2273 reddidisse.
1214 2211 1293 2283 Quid
1319 2227 1396 2271 vero
1424 2211 1584 2272 librarium
1610 2213 1818 2288 nescioquem
1844 2228 2013 2272 common

225 2315 311 2374 visse
335 2310 528 2388 putabimus,
560 2318 595 2372 ut
627 2314 799 2389 scripturas
831 2329 953 2385 magna
975 2318 1008 2370 et
1028 2312 1114 2369 uitae
1138 2327 1195 2387 per
1222 2326 1258 2371 se
1285 2311 1417 2371 minime
1442 2309 1657 2371 intolerabiles
1682 2312 1714 2370 in
1737 2311 1839 2369 multa
1860 2317 1893 2371 et
1917 2311 1985 2368 vita

224 2408 428 2471 immutaret‘?
450 2410 498 2469 An
521 2425 636 2470 censes
657 2415 745 2469 tanta
765 2410 855 2470 illum
877 2407 1070 2468 monachum
1092 2407 1269 2484 praeditum
1291 2408 1390 2468 fuisse
1411 2408 1487 2467 artis
1516 2409 1644 2468 criticae
1674 2409 1831 2483 facultate,
1857 2414 1893 2469 ut
1912 2424 1984 2469 sen·

178 2572 189 2594 ,
224 2511 295 2569 tiret
320 2507 517 2584 corruptelas
544 2523 663 2585 easque
684 2510 774 2583 quasi
796 2507 945 2567 divinitus
971 2508 1003 2566 in
1031 2508 1189 2582 integrum
1211 2505 1391 2581 redigeretl
1418 2506 1530 2582 ltaque
1555 2507 1624 2566 cod.
1652 2505 1679 2564 G
1699 2507 1882 2584 scripturas,
1904 2522 1984 2583 quas

222 2605 388 2682 hucusque
409 2608 739 2679 commemoravimus,
761 2623 825 2666 non
852 2623 871 2664 a
902 2604 1027 2665 librario
1056 2603 1249 2680 excogitatas
1277 2619 1363 2677 esse,
1389 2603 1447 2663 sed
1473 2604 1645 2679 antiquitus
1672 2605 1769 2665 inisse
1796 2604 1926 2666 traditas
1952 2610 1984 2666 et

221 2711 353 2765 externa
372 2705 554 2764 testimonia
575 2711 607 2764 et
627 2710 814 2780 argumenta
835 2705 958 2764 interna
980 2718 1038 2762 nos
1060 2709 1185 2778 cogunt,
1207 2708 1242 2762 ut
1262 2706 1449 2762 statuamus.

329 2838 471 2914 Utraque
503 2843 609 2898 autem
644 2838 885 2916 argumentandi
917 2839 995 2898 ratio
1028 2838 1123 2898 etiam
1149 2837 1209 2895 alio
1237 2835 1375 2912 quodam
1396 2836 1482 2895 valet
1507 2836 1585 2908 loco,
1607 2835 1659 2895 ubi
1689 2835 1831 2896 destituti
1854 2835 1983 2912 quidem

222 2951 333 2994 sumus
356 2935 513 3011 excerptis
535 2933 625 3009 trie,
646 2942 753 2996 tamen
780 2938 856 3011 ipsis
884 2938 914 2996 in
941 2935 1033 2995 codd.
1060 2934 1096 3008 G,
1119 2933 1173 2994 AV
1195 2949 1233 2993 ea
1258 2940 1308 2994 est
1333 2933 1508 2993 traditionis
1535 2940 1649 2994 natura
1674 2941 1770 3011 atque
1791 2936 1984 3008 indolescit

225 3048 288 3107 qua
315 3033 489 3092 maximum
516 3032 677 3108 capiamus
704 3034 956 3095 emolumentum
994 3033 1034 3093 ad
1061 3033 1281 3108 quaestionem
1313 3032 1506 3107 propositam
1528 3031 1779 3092 discernendam.
1828 3031 1984 3092 Exhibent

223 3131 308 3190 enim
329 3130 366 3204 ll,
388 3129 456 3203 l,67

583 3246 610 3307 G
631 3247 703 3323 Ipse
724 3249 905 3324 interque
927 3265 1062 3325 propes
1085 3249 1231 3322 interque
1253 3251 1402 3304 armenta
1425 3244 1549 3321 Cupido

584 3344 606 3403 V
654 3391 677 3417 „
721 3348 1184 3424 quoqucittterqrepcs„

584 3443 610 3503 A
651 3489 674 3517 „
719 3446 1132 3521 quoquet'nteropros
1162 3489 1184 3516 „

329 3574 447 3646 Quibus
469 3577 500 3635 in
523 3578 711 3638 testimoniis
737 3585 811 3639 ante
837 3580 944 3639 omnin
971 3580 1070 3639 oculis
1096 3594 1169 3637 sese
1195 3575 1374 3649 inculcabit,
1397 3574 1481 3652 quod
1509 3574 1600 3634 codd.
1629 3576 1654 3634 Α
1675 3583 1708 3636 et
1729 3575 1762 3649 V,
1789 3591 1982 3653 quamquam

224 3670 367 3731 eiusdem
388 3679 461 3732 sunt
481 3676 596 3751 stirpis,
618 3676 661 3735 ita
682 3675 763 3737 inter
787 3694 823 3736 se
844 3677 1034 3752 discrepant,
1062 3682 1095 3735 ut
1117 3675 1141 3733 V
1163 3690 1237 3734 cum
1259 3674 1284 3734 G
1307 3673 1475 3734 lectionem
1497 3691 1605 3761 propes
1628 3672 1742 3734 habeat
1768 3690 1981 3749 communem,

221 3771 248 3827 A
270 3765 418 3829 exhibeat
438 3771 629 3846 scripturam
650 3792 744 3849 apros
767 3775 806 3834 ab
835 3775 887 3835 illa
909 3773 1168 3833 diversissimam.
1211 3773 1315 3848 Atque
1337 3773 1521 3848 priusquam
1548 3778 1676 3830 transeo
1697 3769 1783 3832 bunc
1803 3773 1843 3831 ad
1863 3779 1981 3833 statum

219 3867 403 3937 traditionis,
419 3868 640 3944 explicandum
660 3879 710 3932 sat
732 3872 981 3945 memorabilem,
1004 3872 1201 3932 monendum
1223 3877 1273 3930 est
1287 3905 1327 3914 -
1341 3878 1375 3930 ut
1396 3869 1502 3930 statim
1525 3871 1672 3942 sciamus,
1695 3885 1847 3946 quorsum
1872 3869 1982 3930 tendat

220 3967 461 4041 argumentatio,
484 3999 523 4010 -
544 3968 770 4048 Rossbergium
800 3973 969 4032 lectionem
991 3969 1061 4030 cod.
1085 3969 1110 4029 G
1139 3986 1177 4029 ex
1206 3968 1321 4028 librarii
1348 3969 1531 4027 coniectura
1559 3967 1732 4043 prolectam
1760 3965 1981 4044 censentem)

221 4062 331 4122 Klotzii
353 4047 577 4124 emendationi
593 4067 785 4144 adstipulari,
807 4071 860 4145 qui
883 4085 996 4129 vocem
1018 4087 1112 4143 apros
1134 4069 1166 4126 in
1188 4084 1283 4142 apros
1305 4066 1528 4142 immutanti)
1550 4065 1673 4126 —Sed
1699 4068 1730 4126 in
1757 4083 1910 4143 praesens
1937 4066 1982 4126 nil

221 4166 378 4234 curantes,
400 4178 614 4241 quaecunque
635 4174 667 4227 et
688 4167 809 4227 Klotzio
836 4173 868 4226 et
897 4167 1087 4242 Rossbergio
1115 4168 1183 4225 visa
1207 4171 1291 4238 sunt,
1320 4165 1458 4239 primum
1480 4166 1622 4224 omnium
1650 4165 1877 4240 indagabimus,
1904 4165 1980 4241 quid

188 4315 189 4318 ,
222 4272 259 4315 ex
278 4259 347 4339 ipso
368 4259 545 4322 traditionis
567 4269 699 4323 externo
722 4263 831 4323 habitu
854 4267 952 4341 possit
974 4266 1143 4324 enucleari.
1186 4264 1290 4339 Atque
1310 4262 1499 4322 testimoniis
1521 4268 1585 4322 tam
1608 4264 1747 4338 graviter
1772 4270 1806 4322 ut
1827 4260 1888 4322 hoc
1911 4262 1979 4322 loco

222 4353 359 4417 intense
380 4358 606 4422 dissidentibus
631 4379 758 4440 semper
786 4364 933 4438 primaria
961 4369 1010 4423 est
1031 4365 1184 4439 quaestio,
1207 4377 1366 4438 quaenam
1393 4360 1564 4419 lectionum
1591 4361 1634 4418 ita
1659 4361 1700 4418 sit
1728 4367 1919 4436 comparata,
1941 4376 1980 4420 ex

332 4644 352 4710 ι)
371 4656 443 4708 orat.
461 4654 562 4724 fragm.
581 4656 617 4710 58
634 4657 680 4712 ed
699 4655 808 4712 Jordan
827 4671 855 4724 p.
873 4656 916 4711 65.

331 4734 355 4804 ¹)¹
371 4742 445 4805 prol.
465 4757 493 4813 p.
512 4743 556 4799 lt.

328 4831 351 4900 ⁸)
369 4833 466 4887 annal
485 4830 584 4902 philol
602 4831 684 4903 tetta,
702 4848 730 4902 p.
749 4834 794 4889 66.

327 4921 350 4987 ‘l
369 4922 407 4977 cl.
429 4922 504 4978 inira
522 4936 550 4991 p.
585 4922 620 4977 bb
639 4924 696 4979 sub
716 4937 842 4979 numero
861 4923 896 4978 ll.

326 5008 348 5079 ⁸)
365 5023 431 5081 pug.
452 5009 496 5064 78.

325 5097 348 5167 ⁸)
366 5100 463 5155 annal.
482 5099 584 5170 philol.
603 5100 684 5169 1869,
703 5116 731 5170 p.
750 5100 853 5167 latrat

2026 1575 2045 1625 b
