4732 5746
1132 304 1332 365 ..pg-

352 511 433 571 0pus
454 509 526 553 esse
547 493 747 566 coniecturis,
770 491 889 568 quibus
905 492 1040 567 receptis
1062 507 1102 550 ne
1124 507 1253 566 prorsus
1274 490 1404 566 quidem
1429 491 1503 551 illae
1530 489 1744 565 expediantur.
1792 490 1834 549 At
1854 505 1931 549 vero
1951 488 2060 562 verba,
2082 493 2120 549 ut

352 593 467 654 tradita
487 597 570 665 sunt,
592 592 716 667 integra
737 591 845 651 relicta
867 590 986 649 nullam
1008 592 1173 649 continent
1186 588 1404 661 offensi0nem,
1426 605 1508 665 quae
1523 605 1560 648 ex
1581 589 1812 665 interpolatoris
1835 588 1953 648 fabrica
1974 586 2120 663 profecta

352 708 424 752 esse
445 696 591 766 nequeat.
635 688 715 748 Nam
737 690 883 765 primum,
905 687 990 763 quod
1016 686 1048 747 hi
1074 703 1186 747 versus
1208 687 1439 747 sententiarum
1466 688 1561 746 nexui
1593 703 1654 747 non
1682 686 1893 759 satisfaciunt,
1921 684 1983 746 hoc
2009 686 2145 762 ipsum

352 789 444 850 nohis
466 789 655 848 documento
684 803 755 846 esse
784 786 879 846 debet
907 785 1157 861 interpolationis
1165 802 1173 858 ;
1196 784 1311 845 deinde
1337 785 1419 846 hene
1447 792 1551 861 potest
1577 785 1734 861 intellegi,
1756 783 1832 861 quid
1854 783 1952 844 verba
1972 784 2000 841 si
2020 788 2122 860 putat

354 888 472 965 tpuella
498 884 564 959 me)
582 902 735 960 peccasse,
761 883 860 942 dieser
887 900 916 944 e.
940 900 969 959 q.
992 900 1016 942 s.
1039 882 1098 942 sibi
1120 883 1228 955 velint,
1249 884 1367 959 quippe
1388 881 1503 959 quihus
1524 882 1610 942 furor
1631 882 1758 959 puellae
1770 879 1948 941 accuratius
1963 886 1995 941 et
2015 881 2123 941 inten-

352 986 415 1045 tius
436 983 642 1044 describatur.
686 983 750 1041 Hos
771 990 878 1042 autem
899 998 1011 1041 versus
1033 981 1072 1040 ad
1094 981 1320 1057 supponendus
1342 996 1380 1040 eo
1402 981 1523 1041 facilius
1544 980 1690 1040 librarius
1705 978 1835 1055 quidam
1850 979 1953 1054 potuit
1974 994 2120 1040 eommo-

353 1085 429 1157 veri,
452 1099 514 1159 qno
536 1082 766 1157 frequentiores
788 1087 862 1141 sunt
883 1080 967 1156 apud
989 1085 1099 1157 poetas
1121 1080 1242 1139 similes
1266 1079 1324 1137 loci
1346 1083 1379 1137 et
1399 1078 1557 1149 simillimi,

544 1196 582 1256 cf.
603 1198 744 1273 Propert.
766 1197 815 1270 IV,
837 1197 885 1268 7,3
906 1212 975 1272 sqq.
999 1194 1064 1254 Cur
1085 1194 1268 1271 fimfhunda
1288 1211 1374 1250 sacro
1396 1211 1541 1251 mertsam
1560 1192 1714 1270 propellis
1735 1239 1742 1252 .
1765 1239 1772 1252 .
1795 1239 1801 1253 .
1823 1193 1839 1251 l

999 1390 1044 1449 I'u
1065 1410 1138 1450 arere
1159 1398 1282 1450 nostros
1304 1390 1415 1449 aridae
1436 1390 1576 1448 invade
1595 1390 1764 1467 capillos

995 1489 1038 1549 Et
1060 1508 1131 1548 nica
1151 1491 1300 1567 formosis
1322 1489 1480 1567 rrnquc'bcs
1502 1498 1665 1564 orariola,

999 1588 1044 1647 Tu
1065 1589 1216 1647 inirritare
1237 1589 1362 1647 eracles
1383 1587 1519 1647 sciliceta
1538 1605 1670 1646 emerere
1690 1588 1823 1664 {famma

356 1704 486 1765 Ovidius
506 1712 574 1766 tota
595 1708 696 1784 elegia
717 1708 836 1786 (Amor.
859 1710 881 1782 Ι,
904 1708 936 1783 7)
956 1707 1018 1769 hoe
1048 1710 1079 1767 in
1104 1714 1291 1783 argumento
1318 1714 1466 1767 versatur
1489 1706 1672 1780 tractand03
1700 1706 1738 1765 cf.
1768 1711 1933 1782 praeterea
1953 1703 2061 1763 Amor.
2085 1703 2129 1779 Π,
2161 1728 2164 1733 ·

353 1802 432 1876 5,45.
453 1804 519 1864 Art.
540 1813 634 1866 amat.
655 1806 692 1866 II.
713 1808 783 1880 451,
799 1807 923 1867 Heroid.
941 1806 1039 1879 leat.
1078 1808 1173 1867 Plura
1187 1808 1332 1882 exempla
1347 1807 1506 1883 congessit
1521 1804 1693 1881 Zingerlins
1715 1805 1733 1863 i.
1757 1805 1775 1862 l.
1797 1802 1820 1862 1.
1842 1819 1871 1878 p.
1892 1801 1992 1862 9596.
2035 1800 2128 1873 Quo-

355 1900 438 1960 niam
460 1901 553 1977 igitnr
574 1919 686 1962 versus
707 1903 777 1964 illos
799 1903 1018 1963 difficultatum
1047 1904 1158 1979 plenos
1186 1919 1249 1963 non
1277 1902 1377 1962 modo*
1398 1919 1461 1962 non
1488 1902 1717 1974 desideramus,
1745 1899 1803 1961 sed
1828 1900 1925 1960 etiarn
1949 1900 1988 1958 iis
2009 1899 2130 1960 eiectis

355 1998 475 2073 optime
496 1998 640 2072 procedit
661 2000 760 2059 oratio
782 2006 815 2059 et
835 2001 1002 2071 artissima,
1025 2000 1065 2058 de
1087 2017 1149 2075 qua
1176 2000 1327 2073 dirimuS,
1355 2001 1486 2060 conexio
1512 2001 1594 2059 inter
1620 2014 1733 2058 versus
1760 1998 1800 2059 to
1821 2002 1853 2056 et
1875 1997 1913 2058 73
1934 1997 2130 2086 restituitur,

354 2097 460 2156 nullus
481 2095 591 2155 dubito
612 2094 681 2155 hos
702 2113 839 2156 versus
861 2098 1020 2172 spurios
1042 2098 1227 2158 iudicare.
1271 2098 1361 2171 Quod
1382 2099 1409 2157 si
1429 2100 1473 2157 ita
1495 2105 1552 2171 est,
1574 2097 1739 2158 diiudicari
1761 2112 1865 2171 neque
1887 2100 1991 2171 potest
2013 2111 2132 2172 neque

355 2195 490 2253 multum
521 2193 627 2268 refert,
654 2201 760 2254 utrum
779 2212 959 2271 properans
987 2196 1054 2254 eius
1079 2196 1136 2270 sit,
1163 2198 1216 2271 qui
1245 2194 1306 2255 hoe
1334 2194 1492 2256 distichon
1517 2197 1550 2255 in
1576 2193 1749 2273 archetypo
1778 2193 1945 2269 supposuit
1971 2208 2011 2252 an
2044 2194 2131 2269 eius,

355 2293 408 2368 qui
430 2296 541 2367 postea
568 2298 751 2368 corruptam
776 2309 889 2353 vocem
915 2295 1068 2369 proprias
1094 2295 1125 2352 in
1152 2294 1222 2353 cod.
1250 2294 1397 2353 Gvoluit
1418 2294 1586 2369 corrigere.
1629 2294 1741 2369 ltaque
1767 2289 1829 2351 hoc
1856 2292 1925 2351 loco
1953 2291 1986 2350 ln
2014 2291 2129 2352 medio

354 2389 577 2465 relinquimus,
604 2396 711 2449 utrum
737 2390 808 2450 eod.
838 2389 864 2449 G
891 2391 1046 2466 scriptura
1077 2392 1146 2466 ipso
1175 2407 1213 2449 ex
1246 2390 1422 2468 archetypo
1449 2392 1587 2465 fluxerit,
1614 2409 1654 2451 an
1683 2391 1854 2450 correctori
1881 2390 1922 2448 sit
1941 2389 2126 2451 tribuenda.

461 2487 527 2547 lam
559 2488 600 2546 nd
632 2503 686 2560 eas
717 2494 917 2547 transeamus
949 2488 1029 2547 cod.
1058 2488 1326 2564 Gseripturas
1359 2491 1637 2565 interpolatas,
1670 2487 1812 2564 quibus
1849 2486 2124 2563 interpolator

356 2586 596 2646 sententiam
617 2587 746 2648 voluit
767 2587 885 2660 magis
907 2585 1049 2645 efferre
1072 2593 1188 2662 utque
1210 2603 1403 2662 premere,
1428 2588 1515 2646 velut

764 2704 785 2776 1,
807 2703 876 2777 9‚33
897 2702 949 2761 AV
971 2701 1044 2760 Non
1066 2701 1121 2759 libi
1142 2702 1169 2760 si
1191 2704 1331 2779 pretium
1353 2701 1535 2778 Campania
1557 2705 1664 2759 terra
1686 2700 1818 2758 daretur

933 2800 1019 2876 G„
1092 2848 1109 2875 „
1152 2848 1169 2874 „
1252 2848 1270 2875 ,‚
1432 2846 1450 2875 „
1559 2805 1639 2858 teta
1740 2845 1758 2873 ,‚

356 2914 402 2973 Ae
428 2912 640 2977 Baehrensius
667 2919 731 2973 tota
764 2917 794 2975 in
820 2922 942 2976 textum
970 2919 1105 2994 recepit,
1134 2918 1164 2978 id
1192 2917 1278 2993 quod
1305 2933 1376 2976 eam
1408 2915 1449 2975 ab
1481 2931 1611 2975 causam
1637 2915 1711 2975 ferri
1741 2916 1861 2990 nequit,
1889 2915 1962 2991 quia
1991 2931 2122 2991 versus,

357 3012 409 3086 qui
431 3013 574 3086 sequitur
860 3013 932 3073 Non
954 3014 1010 3072 tibi
1031 2998 1059 3073 si
1079 3015 1180 3073 Bachi
1202 3032 1280 3073 carra
1301 3013 1330 3071 F
1334 3016 1494 3073 arlernas
1516 3031 1606 3088 aper

354 3125 485 3185 prorsus
506 3116 593 3171 esset
613 3128 869 3187 supervacaneus
890 3120 986 3189 atque
1006 3114 1122 3187 inanis;
1146 3129 1283 3188 namque
1305 3118 1337 3172 et
1360 3113 1511 3171 Falernus
1532 3128 1608 3188 ager
1629 3112 1661 3170 in
1682 3111 1853 3188 Campania
1874 3113 1953 3172 situs
1975 3117 2035 3171 est.
2080 3113 2126 3172 at

353 3224 431 3267 vero
454 3205 636 3284 Cornpania
660 3215 747 3267 tem-a
769 3216 801 3270 et
822 3209 980 3270 Falersias
1001 3229 1078 3288 aper
1103 3213 1255 3287 optimam
1276 3216 1308 3269 et
1334 3210 1522 3269 concinnam
1543 3208 1684 3268 efficiunt
1705 3210 1953 3286 oppositionem,
1974 3225 2067 3283 curn,
2091 3216 2127 3271 ut

355 3312 443 3366 recte
463 3308 599 3382 explieat
619 3306 822 3385 Dissenius,¹)
844 3310 929 3385 prior
949 3326 1062 3369 versus
1084 3309 1124 3368 ad
1145 3316 1254 3368 notam
1275 3308 1468 3367 fertilitatem
1489 3312 1522 3365 et
1543 3306 1781 3367 frumentum
1808 3307 1999 3383 Campaniae
2025 3309 2125 3383 perti·

355 3410 437 3477 neat,
452 3406 607 3480 posterior
617 3406 657 3464 ad
678 3406 745 3465 eius
759 3407 849 3465 vinu
858 3424 905 3480 m,
927 3423 1023 3482 quem
1037 3408 1136 3483 gignit
1151 3407 1302 3467 Falernus
1316 3420 1392 3482 ager
1405 3404 1657 3464 celeberrimum.
1697 3403 1774 3463 Tota
1788 3412 1896 3466 autern
1911 3406 2126 3482 interpolator

355 3503 523 3577 scripsisse
544 3501 677 3576 videtur,
699 3508 735 3561 ut
755 3504 821 3562 vim
843 3503 1054 3563 iurisiurandi
1070 3511 1214 3580 augeret;
1237 3510 1401 3579 praeterea
1420 3500 1506 3562 haud
1527 3504 1593 3562 scio
1609 3520 1649 3562 an
1668 3504 1805 3563 elocutio
1822 3502 2009 3579 Campania
2031 3511 2125 3565 terra

354 3601 539 3676 scrupulum
554 3601 714 3675 quendam
729 3602 756 3660 ei
778 3601 928 3675 iniecerit,
944 3603 1018 3678 quia
1038 3608 1141 3662 terrae
1155 3618 1272 3661 nomen
1288 3599 1434 3660 adieetivi
1455 3600 1525 3659 loco
1540 3601 1681 3675 positum
1703 3606 1761 3673 est,
1783 3601 1873 3660 cuius
1895 3617 1972 3661 usus
1993 3601 2123 3663 dicendi

354 3695 439 3758 haud
467 3699 511 3758 ita
537 3697 711 3775 frequentis
739 3696 819 3758 haec
846 3700 951 3759 inveni
972 3700 1123 3775 ,exempla
1150 3731 1190 3743 -
1216 3699 1332 3777 Vnipii,
1355 3715 1451 3777 quern
1472 3701 1560 3760 locos
1581 3699 1766 3775 congesisse
1787 3699 1924 3759 editores
1950 3705 2123 3775 testantur,

356 3795 452 3856 editio
473 3795 550 3857 mihi
572 3805 697 3874 praesto
723 3814 787 3857 non
814 3796 870 3857 fuit
891 3796 1059 3873 -Africa
1077 3804 1163 3855 terra
1181 3797 1245 3877 (vel
1260 3797 1489 3874 terr-adfrica)
1511 3797 1603 3857 Ennii
1623 3796 1734 3873 fragm.
1749 3796 1769 3857 6
1783 3813 1812 3873 p.
1834 3797 1875 3858 46
1895 3796 1959 3875 (ed.
1974 3795 2124 3877 Vahlen),

356 3893 446 3971 Verg.
468 3896 547 3955 Aen.
572 3896 619 3970 1V,
641 3897 690 3970 37,
712 3896 776 3956 Ltv.
805 3896 915 3969 XXIX,
937 3896 990 3969 233
1022 3901 1110 3954 terra
1142 3896 1249 3955 Gallia
1282 3898 1372 3958 Caes
1406 3896 1479 3956 bell.
1512 3894 1591 3954 Gall.
1617 3895 1716 3969 1‚30;
1749 3900 1836 3952 terra
1860 3893 2024 3971 Hispania
2052 3897 2122 3959 Liv.

356 3992 522 4067 XXXVIII,
546 3994 602 4069 58;
624 3993 801 4053 Pharsalia
821 3999 906 4052 terra
928 3995 992 4056 Liv.
1014 3995 1154 4069 XXXIII,
1175 3997 1203 4056 6.

463 4092 561 4151 Porro
582 4091 605 4164 I,
627 4092 685 4165 7,3,
707 4090 760 4151 ubi
782 4091 932 4153 exhibent
953 4094 1006 4153 AV
1028 4140 1193 4154 ......
1215 4092 1396 4169 Aquitanas
1414 4098 1517 4168 posset
1539 4091 1594 4168 qai
1615 4090 1782 4167 satisdare
1803 4095 1908 4167 pentes

355 4205 413 4265 pro
434 4189 574 4265 fundere
595 4197 758 4250 corrector
780 4190 848 4250 cod.
870 4189 896 4249 G
917 4191 1105 4267 fraitpere
1127 4193 1298 4265 substituit,
1320 4208 1383 4267 qua
1403 4206 1483 4250 voce
1505 4196 1537 4250 et
1559 4188 1697 4250 hostiurn
1718 4189 1836 4249 ferocia
1856 4195 1889 4249 et
1909 4190 2038 4250 victoris
2060 4190 2126 4253 for·

355 4287 458 4347 titudo
478 4288 580 4365 magis
602 4290 778 4350 efferretur.
827 4291 924 4350 Multo
952 4295 1039 4350 certe
1066 4291 1134 4350 veri
1161 4297 1210 4350 est
1236 4289 1369 4350 similius
1395 4289 1656 4365 interpolatorem
1676 4320 1715 4333 -
1736 4304 1810 4347 nam
1836 4304 1893 4364 per
1920 4287 2124 4348 librariorum

357 4385 590 4461 neglegentiam
611 4388 747 4447 alterum
769 4387 902 4448 verbum
924 4404 963 4447 ex
984 4387 1083 4447 altero
1107 4390 1157 4448 vix
1178 4388 1354 4464 profectum
1382 4402 1454 4446 esse
1476 4391 1641 4462 potest-
1663 4386 1790 4446 auxisse
1816 4387 1905 4446 vocis
1930 4386 1995 4446 virn
2022 4401 2125 4461 quam

357 4483 531 4558 infregisse.
573 4484 724 4546 Similiter
744 4502 782 4545 ac
803 4484 865 4546 hoe
886 4486 955 4546 loco
977 4485 1115 4562 presidere
1136 4493 1306 4564 usurpatur
1326 4503 1354 4547 e.
1376 4503 1404 4562 g.

438 4594 528 4658 Ovid.
553 4599 676 4658 Melam.
700 4599 747 4672 VI,
768 4601 829 4660 425
846 4598 1008 4657 Threicius
1025 4598 1138 4658 Tereus
1158 4600 1235 4659 llaec
1257 4602 1314 4679 (sc.
1337 4599 1475 4676 agmina)
1497 4596 1713 4657 arcelliaribas
1735 4601 1836 4658 aratris
1863 4598 2039 4659 Foederat

611 4697 634 4755 F
637 4703 694 4756 ast.
718 4697 750 4771 V,
772 4697 833 4758 578
855 4746 861 4757 .
885 4745 891 4757 .
915 4745 921 4757 .
944 4745 951 4757 .
973 4706 1001 4756 et
1022 4700 1112 4774 fuso
1135 4700 1234 4758 laetus
1256 4696 1295 4756 ab
1316 4699 1401 4756 hoste
1425 4697 1516 4757 redit.
1540 4731 1579 4740 —

356 4919 568 4931 ——--—-

468 5059 487 5127 ¹)
505 5067 662 5117 comment
681 5076 709 5128 p.
727 5060 788 5114 184.
