4732 5746
1016 356 1195 416 ..5-

168 594 172 603 -
221 549 347 628 generis
373 549 515 610 locorum
541 547 610 625 ipse
642 546 812 608 confitetur
836 548 962 622 longam
989 559 1062 605 esse
1087 544 1203 604 seriem
1225 542 1461 619 -scripturas
1487 540 1570 602 illius
1598 556 1662 602 non
1688 541 1748 601 nisi
1774 556 1814 601 ex
1840 537 1988 601 felicibus

222 648 338 711 librarii
363 644 555 707 coniecturis
581 660 654 706 esse
681 643 867 706 restitutas‘l
882 640 904 719 ¹)
931 674 973 688 -
1000 642 1089 703 lianc
1117 648 1228 702 contra
1258 640 1443 717 Rossberqii
1477 639 1750 701 ratiocinationem
1776 634 1989 700 Baehrensius

221 749 254 810 in
274 744 387 806 eodem
408 743 511 804 annal.
532 739 638 820 philol.
659 742 819 804 volumine
840 743 944 821 (pagg.
964 739 1023 803 173
1039 746 1071 801 et
1087 739 1161 816 llo)
1182 741 1214 801 in
1234 740 1419 801 universum
1440 738 1540 817 magis
1562 736 1728 815 disputans
1749 752 1844 813 quam
1866 735 1989 813 singula

221 844 260 905 ab
285 842 339 903 illo
364 839 433 901 viro
458 839 553 901 docto
578 839 739 917 proposita
769 844 957 918 argumenta
979 837 1158 915 infringens
1189 837 1362 900 declaravit
1392 835 1577 913 Rossbergii
1607 834 1667 896 sibi
1697 850 1761 895 non
1792 833 1989 911 persuasisse

222 940 529 1019 argumentationem
551 955 746 1017 promusque
771 955 845 1000 sese
871 939 904 999 in
924 937 1082 999 sententia
1101 953 1160 997 sua
1181 952 1394 1015 perseverare.

330 1072 431 1147 Quam
443 1072 481 1133 ad
494 1074 743 1134 controversiam
755 1069 989 1132 diiudicandum
1003 1075 1113 1130 utnon
1130 1084 1252 1144 omnes,
1266 1067 1323 1130 sed
1340 1067 1501 1145 graviores
1511 1072 1634 1128 tantum
1644 1064 1831 1127 examinabo
1841 1065 1988 1127 codicum

222 1170 460 1250 discrepantias,
473 1171 517 1231 ita
530 1171 610 1231 tales
621 1186 750 1248 quoque
764 1168 907 1230 tractabo
921 1166 1129 1240 differentius,
1144 1181 1226 1242 quae
1241 1165 1281 1226 ab
1294 1165 1355 1226 illis
1368 1163 1444 1225 viris
1465 1163 1568 1227 doctis
1581 1164 1614 1225 in
1624 1163 1765 1226 medium
1775 1164 1988 1242 nonprolatae

224 1271 372 1333 efficaces
391 1268 478 1328 visae
497 1268 560 1328 sint
581 1265 664 1330 banc
685 1268 725 1329 ad
746 1268 965 1345 quaestionem
988 1263 1220 1326 enucleandam
1241 1268 1337 1340 atque
1357 1263 1599 1341 explanandam.
1635 1263 1745 1341 Neque
1768 1254 1988 1340 vero'singula

224 1370 410 1445 argumenta
434 1362 475 1423 ab
506 1363 566 1425 illis
598 1365 758 1442 proposita
789 1365 940 1442 deinceps
967 1361 1186 1441 percensebo,
1212 1360 1271 1423 sed
1299 1361 1331 1423 in
1357 1377 1510 1439 praesens
1540 1377 1645 1438 neque
1671 1357 1853 1422 Baehrensii
1883 1376 1987 1438 neque

225 1462 404 1541 Rossbergii
425 1464 616 1524 sententiam
637 1465 810 1542 respiciens
831 1463 1001 1542 propriam,
1018 1477 1101 1537 quae
1123 1460 1163 1521 ad
1185 1461 1436 1523 controversiam
1450 1460 1647 1522 tractandam
1667 1461 1830 1538 aptissima
1851 1458 1928 1521 mihi
1943 1461 1988 1520 vi·

224 1561 367 1634 debatur,
388 1558 474 1618 viam
494 1563 592 1634 atque
613 1560 766 1622 rationem
787 1561 960 1621 instituam.

978 1989 1177 2123 Caput
1208 1993 1247 2094 l.

631 2232 701 2306 De
729 2233 900 2308 codicis
929 2230 969 2308 G
999 2231 1094 2308 lide
1122 2244 1264 2324 atque
1291 2237 1577 2309 auctoritate.

328 2497 374 2555 llc
389 2495 527 2573 primum
541 2493 680 2573 quidem,
695 2501 729 2556 ut
743 2496 995 2572 pervestigemus
1017 2501 1049 2556 et
1071 2510 1311 2571 cognoscamus,
1332 2512 1491 2573 quaenam
1518 2497 1599 2558 fides
1619 2497 1787 2559 tribuenda
1807 2497 1849 2558 sit
1869 2493 1938 2556 cod.
1960 2492 1984 2552 G

230 2628 261 2639 -
283 2611 359 2656 nam
379 2594 413 2654 in
435 2591 497 2654 boc
522 2593 723 2671 potissimum
745 2593 807 2653 litis
835 2592 930 2653 cardo
953 2593 1148 2654 vertitur-
1168 2598 1242 2654 onte
1269 2594 1375 2653 omnia
1404 2594 1723 2673 circumspiciendum
1749 2597 1824 2669 erit,
1849 2593 1988 2670 quibus

223 2693 319 2754 locis
341 2690 421 2751 cod.
452 2690 478 2751 G
511 2691 733 2767 scripturae
764 2689 945 2752 diversae
972 2707 991 2750 a
1021 2692 1263 2753 testimoniis
1293 2693 1401 2755 codd.
1435 2694 1490 2754 AV
1516 2694 1747 2772 conspirent
1778 2709 1863 2754 cum
1895 2691 1988 2753 Fris.

222 2798 257 2851 et
283 2790 327 2863 F,
349 2804 432 2864 quae
457 2788 635 2865 fragmenta
656 2793 780 2848 constat
802 2788 949 2849 omnibus
971 2789 1088 2849 ceteris
1109 2788 1272 2850 codicibus
1293 2791 1386 2868 longe
1407 2798 1583 2869 praestare.
1626 2792 1723 2854 Cuius
1744 2791 1869 2866 generis
1895 2790 1923 2851 si
1942 2790 1987 2850 in·

223 2887 406 2949 venerimus
428 2886 582 2947 lectiones
603 2902 661 2962 per
681 2902 718 2946 se
738 2884 928 2959 tolerabiles,
950 2903 1005 2947 eas
1020 2888 1195 2963 antiquitus
1215 2888 1346 2949 traditas
1368 2895 1400 2949 et
1414 2891 1568 2966 genuinas
1583 2906 1656 2952 esse
1677 2894 1800 2951 certum
1814 2891 1873 2950 erit
1893 2894 1988 2964 atque

223 2985 430 3062 exploratum.
472 2982 551 3046 Cum
572 2985 731 3060 excerptis
751 2990 859 3045 autem
881 2983 958 3045 Fris.
981 2984 1050 3045 cod.
1074 2986 1100 3047 G
1121 2984 1208 3048 hisce
1228 2987 1402 3049 concordat
1423 2985 1553 3065 locis:²)

601 3080 623 3154 l,
645 3082 694 3156 13
737 3083 839 3142 multo
886 3081 1014 3156 GPar,
1042 3083 1128 3158 Fris,
1155 3084 1323 3157 Diomedes
1421 3104 1542 3163 manno
1565 3085 1617 3145 AV

510 3172 512 3176 ’
604 3178 699 3255 1,1,5
740 3181 809 3240 vito
890 3181 1018 3254 GPar,
1042 3181 1118 3241 Fris.
1422 3186 1508 3245 uitae
1582 3230 1601 3259 „

603 3277 627 3351 1,
647 3277 718 3353 lot
737 3279 846 3338 uincta
887 3279 959 3341 GF
962 3280 1004 3339 ris
1417 3284 1528 3343 iuncta
1583 3329 1601 3357 ‚‚

603 3376 713 3452 Ι,1,71
737 3395 794 3436 nec
887 3376 1014 3450 Gl‘ar,
1038 3378 1114 3438 Fris.
1415 3399 1519 3458 neque
1579 3428 1597 3457 „

604 3472 628 3545 I,
648 3472 714 3547 8,51
738 3475 862 3534 sontica
889 3474 961 3535 GF
962 3477 1014 3535 ris.
1416 3480 1533 3562 sentito
1578 3526 1596 3555 ,‚

574 3570 626 3647 (Il,
646 3570 717 3644 3,oe
737 3571 920 3649 pipsutoaG
942 3572 1018 3633 Fris.
1417 3576 1558 3654 bipsatos
1578 3624 1596 3653 „

333 3667 356 3727 F
388 3683 451 3728 uno
491 3668 560 3729 loco
598 3667 672 3728 iacit
713 3685 787 3730 cum
820 3669 847 3730 G
878 3678 988 3732 contro
1025 3671 1092 3731 AV:
1133 3688 1244 3749 paneg.
1267 3673 1359 3734 lless.
1376 3675 1430 3738 ⁴0:
1469 3675 1521 3735 liic
1559 3681 1617 3735 atet
1649 3676 1702 3736 tio
1743 3675 1800 3735 tibi
1837 3675 1902 3750 GF,
1937 3675 1989 3735 hio

225 3771 283 3824 aut
305 3763 364 3823 tibi
386 3765 449 3825 AV.
500 3792 505 3797 ·

330 3861 397 3923 lam
418 3864 637 3925 examinemus
658 3863 715 3926 bas
735 3867 909 3943 scripturas
931 3872 963 3926 et
986 3865 1159 3940 videamus,
1181 3866 1256 3944 quid
1278 3867 1352 3929 inde
1374 3869 1542 3931 lucremur.

332 3960 378 4021 lle
398 3961 512 4037 primo,
533 3976 629 4037 quam
651 3964 908 4036 commemoravi,
931 3963 1121 4024 differentia:

692 4059 716 4134 l,
736 4061 765 4134 1,
786 4061 822 4121 2:
844 4059 871 4120 G
899 4059 941 4118 Et
964 4066 1068 4120 teneat
1089 4061 1167 4122 culti
1187 4061 1301 4141 iupera
1324 4067 1450 4125 multa
1470 4067 1529 4126 soli

843 4160 934 4230 bv„
999 4205 1022 4230 ‚.
1107 4206 1129 4234 ‚‚
1225 4208 1248 4236 „
1321 4181 1511 4241 maana„

226 4253 303 4314 satis
334 4269 496 4331 superque
526 4254 770 4334 disputaverunt
800 4257 940 4335 Heynius
971 4257 1227 4321 Wunderlicbius
1240 4256 1267 4338 3)
1299 4262 1462 4325 Dissenius
1479 4261 1507 4340 ⁴)
1539 4262 1722 4339 Muellerus,
1731 4262 1758 4340 δ)
1796 4280 1877 4341 quos
1906 4266 1989 4327 inter

227 4357 485 4509 omnesloonstat
506 4351 609 4411 multo
631 4368 741 4414 veram
763 4371 835 4417 esse
861 4357 1068 4434 scripturam,
1089 4357 1173 4435 quod
1195 4358 1234 4418 ad
1260 4360 1546 4422 demonstrandum
1566 4363 1643 4422 satis
1664 4363 1724 4424 erit
1744 4361 1825 4423 haec
1846 4363 1988 4424 attulisse
2042 4360 2125 4432 113

228 4463 342 4525 exemp
354 4465 390 4510 a:

339 4739 349 4774 ¹
399 4781 407 4797 .
424 4738 442 4795 7

337 4740 460 4899 gam?
476 4741 528 4889 2ss
545 4846 614 4890 cum
633 4833 704 4891 Fris
724 4839 756 4892 et
774 4834 795 4889 F
814 4847 988 4892 communes
1006 4835 1120 4893 babent
1138 4838 1314 4909 scripturas,
1331 4838 1370 4896 de
1384 4838 1423 4895 ils
1441 4839 1518 4897 inira
1536 4841 1662 4900 dicetur.

336 4916 360 5079 :3
377 4920 414 4976 ol.
433 4921 680 5067 ηοῠεῖνιῦἔηοο
697 4925 729 4980 ln
747 4923 915 4981 ‘sibullam‘
934 4926 1057 4983 editioni
1076 4925 1496 4997 nennio-Wunderlichtanas
1513 4931 1648 4988 adnexas
1666 4946 1695 5002 p.
1712 4929 1731 4984 4
1748 4935 1780 4988 et
1796 4931 1822 4990 5.

376 5023 513 5066 commen
554 5027 584 5082 p.
621 5052 628 5067 .

336 5096 358 5167 ⁶)
375 5098 473 5155 annal
492 5097 594 5170 pbilol.
612 5115 639 5156 a.
658 5099 738 5170 1869,
756 5116 786 5172 p.
806 5102 851 5158 66.
