4732 5746
1151 315 1347 376 „10-

363 520 461 564 amor.
483 504 533 578 Ι,7
552 509 662 580 perte
683 504 715 562 in
736 511 766 562 te
784 504 864 580 peri
886 537 924 548 -
945 503 1036 564 Nune
1058 520 1133 562 vero
1156 502 1347 562 differentias
1368 502 1437 561 illas
1459 501 1498 561 ad
1521 502 1686 562 obrussam
1707 503 1880 579 exigamus,
1895 510 1930 563 ut
1946 503 2122 578 rideamus,

364 618 440 661 num
461 607 582 661 rectam
605 601 645 660 de
666 599 715 661 bis
736 600 854 661 cod.·G
877 604 1041 678 scripturis
1063 599 1272 676 Rossbergius
1294 600 1545 675 pronuntiaverit
1565 603 1764 661 sententiam.

418 714 421 719 ·
470 699 612 760 Primum
633 701 737 776 igitur,
759 717 855 776 quem
877 701 1135 773 commemorari,
1158 700 1263 760 locum
1285 699 1307 770 l,
1328 696 1399 770 1,Ἰ8
1419 698 1466 756 sic
1486 698 1615 759 tradunt
1637 699 1765 759 codices

784 797 930 874 G(Pur.)
947 799 1167 875 Despiciam
1189 798 1291 855 dites
1314 796 1553 872 despiciamque
1574 797 1704 872 (ornem.
1744 857 1750 870 ,

766 895 826 955 AV
947 897 1055 956 Dites
1078 897 1296 974 despiciam.
1634 941 1657 969 „

362 990 430 1063 Quo
462 992 531 1051 loco
563 991 632 1052 eod.
664 992 691 1053 G
720 994 920 1070 sequendum
951 1011 1022 1055 esse
1058 997 1121 1054 iam
1148 994 1268 1054 dudum
1300 997 1381 1055 inter
1410 996 1494 1054 viros
1526 994 1638 1053 doctos
1669 1001 1802 1056 constat.
1851 998 1898 1057 Ae
1928 998 2127 1062 Baehrensio

363 1088 492 1166 quidem
521 1093 693 1166 permirum
718 1091 794 1152 illud
822 1093 949 1167 accidit,
977 1093 1078 1169 quod,
1106 1110 1180 1153 eum
1208 1093 1317 1168 ollmt)
1339 1092 1421 1150 dites
1447 1091 1623 1168 despiciam
1645 1093 1760 1153 Tibulli
1782 1095 2003 1158 consuetudini
2024 1102 2126 1176 magis

257 1200 260 1205 ·
361 1188 557 1266 respondere
577 1195 698 1250 temere
719 1190 936 1252 contendisset
958 1196 1055 1266 atque
1083 1192 1167 1251 nullo
1189 1191 1292 1250 adlato
1321 1197 1515 1266 argumente,
1537 1188 1682 1267 postea2)
1710 1192 1888 1269 despiciam
1916 1194 1997 1254 dites
2024 1198 2125 1274 magis

362 1302 434 1348 esse
456 1304 494 1346 ex
515 1305 575 1348 usu
596 1288 772 1349 Tibulliano
793 1296 881 1349 reote
902 1296 936 1348 ut
957 1294 1111 1349 statueret
1133 1305 1207 1349 curn
1228 1290 1305 1361 aliie,
1328 1287 1376 1348 bis
1397 1288 1552 1348 adductus
1574 1295 1624 1347 est
1649 1290 1802 1366 exemplis

786 1387 809 1462 1,
830 1389 900 1462 A,82
942 1388 1149 1464 Deficiunt
1170 1393 1254 1445 artes
1276 1387 1555 1464 deficiuntque
1577 1386 1654 1446 doli.

767 1486 805 1560 ll,
826 1486 916 1559 5‚105
938 1485 1021 1543 Pace
1042 1492 1100 1543 tua
1121 1493 1286 1561 pereant
1308 1503 1402 1543 arcus
1422 1491 1668 1562 pereantque
1689 1486 1826 1559 sagittae

764 1584 873 1658 11,6,9
935 1583 1049 1641 Castra
1070 1589 1142 1659 peto
1164 1583 1367 1658 valeatque
1395 1580 1496 1640 Verius
1517 1582 1757 1659 valeantque
1775 1584 1916 1659 puellae.

362 1679 482 1752 Quibus
503 1681 581 1741 loeis
603 1680 662 1742 hos
683 1682 766 1742 addo
788 1683 970 1743 consimiles

802 1780 825 1854 1,
848 1780 917 1853 ‘tel
960 1778 1182 1838 Candidior
1203 1797 1327 1855 semper
1348 1778 1642 1855 candidiorque
1665 1780 1737 1837 ueni

788 1878 825 1953 ΙΙ,
845 1880 936 1954 5,100
958 1877 1187 1955 Cespitibus
1208 1896 1335 1936 mensas
1357 1877 1652 1953 cespitibusque
1673 1884 1791 1937 terum.

361 1976 418 2036 His
444 1976 597 2052 exemplis
627 1978 832 2053 perspicuum
863 1983 912 2037 est
943 1977 1059 2037 talibus
1090 1977 1122 2036 in
1155 1977 1394 2052 repetitionibus
1419 1981 1546 2052 poetam
1578 1982 1699 2035 certam
1729 1977 1789 2038 sibi
1811 1979 2002 2055 imposuisse
2033 1997 2128 2058 regu·

360 2075 434 2147 lam,
456 2091 520 2151 qua
539 2074 653 2135 eadem
673 2075 773 2136 verba
800 2079 831 2137 in
857 2093 921 2135 uno
949 2076 1127 2149 eodemque
1156 2092 1250 2135 versu
1282 2075 1330 2134 bis
1357 2075 1459 2150 posita
1484 2089 1548 2132 non
1574 2075 1717 2149 proxime
1743 2089 1817 2133 sese
1845 2076 2039 2150 exciperent,
2068 2078 2129 2138 sed

361 2173 498 2233 alterum
519 2172 560 2233 ab
581 2175 680 2234 altero
701 2190 765 2234 uno
786 2174 943 2235 vocabulo
966 2171 1209 2248 dirimeretur.³)
1245 2171 1426 2233 Admodum
1440 2179 1548 2231 autem
1561 2172 1659 2232 falsus
1675 2179 1724 2233 est
1738 2173 1912 2248 Dissonius,
1926 2190 2000 2235 cum
2014 2174 2091 2234 dicit
2099 2172 2128 2250 ⁴)

361 2273 414 2346 „in
435 2269 528 2332 buius
549 2270 636 2333 modi
657 2271 753 2332 rebus
774 2290 838 2332 non
859 2273 1193 2334 consuetudinem
1208 2272 1367 2348 quandam
1382 2271 1498 2344 valere,
1514 2271 1571 2330 sed
1586 2273 1787 2332 sententia
1800 2273 1955 2349 cuiusque
1972 2273 2033 2333 loci
2047 2273 2125 2348 quid

361 2370 500 2445 postulet
513 2369 687 2430 videndum
701 2386 782 2442 esse,
803 2371 887 2430 uude
904 2372 1022 2447 liqueat
1035 2367 1096 2429 boc
1112 2369 1180 2429 loco
1193 2369 1372 2429 necessario
1383 2367 1518 2429 verbum
1533 2370 1670 2444 primum
1682 2368 1789 2429 locum
1804 2385 1963 2446 occupare
1975 2370 2127 2432 debere.“

362 2466 508 2543 Namque
529 2468 667 2542 primum
689 2485 750 2527 non
774 2468 875 2541 video,
897 2469 1056 2544 quomodo
1078 2485 1216 2528 sensus
1237 2473 1414 2528 mutaretur
1444 2474 1497 2527 aut
1530 2467 1760 2543 infringeretur,
1791 2469 1818 2528 si
1846 2468 1928 2526 dites
1955 2470 1988 2529 in
2012 2486 2124 2530 versus

361 2565 449 2626 initio
474 2566 611 2641 positum
638 2573 737 2640 esset3
764 2565 881 2626 deinde
907 2575 1013 2626 autem
1041 2568 1093 2627 vel
1118 2568 1287 2643 plurimum
1314 2565 1534 2625 consuetudini
1566 2565 1771 2626 tribuendum
1796 2582 1869 2627 esse
1895 2583 1935 2627 ex
1961 2582 2000 2627 eo
2028 2573 2121 2644 patet,

363 2662 448 2739 quod
469 2681 534 2724 non
555 2664 649 2725 modo
676 2681 905 2742 usquequaque
933 2673 1082 2725 constans
1109 2670 1156 2724 est
1183 2665 1236 2725 ille
1261 2680 1339 2723 usus
1364 2663 1499 2736 dicendi,
1526 2663 1584 2723 sed
1610 2665 1705 2724 etiam
1728 2666 1873 2725 consulto
1898 2671 1995 2741 atque
2020 2665 2119 2725 dedita

363 2778 459 2838 opera
479 2768 606 2838 poetam
621 2764 777 2823 rationem
797 2764 883 2823 illam
897 2763 1068 2824 verborum
1089 2762 1358 2823 conlocandorum
1379 2762 1560 2838 amplexum
1581 2777 1653 2821 esse
1667 2764 1846 2823 certissimo
1867 2768 1974 2841 potest
1994 2761 2117 2822 demon-

362 2862 456 2921 strari
482 2868 677 2936 argumento.
726 2860 913 2937 Ubicunque
939 2863 1023 2922 enim
1052 2867 1164 2937 poetae
1191 2877 1247 2938 per
1272 2867 1409 2921 metrum
1440 2859 1556 2919 licebat
1582 2866 1751 2936 utramque
1777 2859 1930 2921 adbibere
1955 2861 2123 2922 verborum

362 2960 546 3034 posituram,
569 2959 655 3019 velut
675 2958 698 3032 l,
719 2960 803 3033 l,82;
831 2959 853 3032 l,
876 2960 960 3033 7‚64;
982 2959 1018 3033 ΙΙ,
1039 2959 1128 3030 5,100
1149 2974 1277 3034 semper
1298 2975 1369 3018 earn
1390 2959 1511 3034 selegit,
1532 2958 1660 3034 qualem
1674 2956 1735 3018 boe
1757 2959 1827 3018 loeo
1848 2959 1981 3035 praebet
2000 2959 2070 3021 ood.
2087 2958 2123 3019 G.

362 3055 502 3130 Accedit,
534 3055 620 3131 quod
646 3055 824 3132 despiciam
857 3057 939 3115 dites
969 3059 1102 3118 metrica
1133 3073 1167 3117 re
1201 3059 1302 3134 magis
1330 3057 1570 3134 comprobatum
1602 3074 1740 3133 namque
1764 3059 1796 3119 in
1822 3058 1911 3118 initio
1935 3061 2125 3135 pentametri

363 3153 507 3232 dactylus
534 3152 677 3231 spondeo
705 3161 862 3231 sequente
888 3156 988 3215 multo
1014 3155 1211 3230 frequentius
1238 3160 1271 3214 et
1298 3154 1474 3228 elegantius
1496 3153 1680 3214 conlocatur
1700 3171 1795 3231 quam
1816 3154 1975 3231 spondeus
1994 3154 2120 3231 dactylo

362 3262 526 3333 sequente,
547 3257 733 3333 praesertim
755 3271 838 3330 cum,
859 3262 893 3316 ut
915 3255 976 3316 boo
997 3255 1077 3328 loeo,
1099 3240 1168 3330 ips'e
1188 3253 1381 3327 hexameter,
1397 3254 1451 3330 qui
1473 3253 1642 3327 antecedit,
1657 3270 1676 3312 a
1690 3254 1815 3331 dactylo
1830 3253 1952 3315 initium
1971 3248 2119 3327 capiant)

470 3355 551 3415 Huic
572 3353 642 3414 loco
665 3353 770 3416 adicio
791 3353 814 3427 l,
835 3352 895 3426 8,9‚
916 3353 970 3413 ubi
992 3354 1126 3428 legimus
1147 3354 1179 3413 in

704 3486 730 3547 G
751 3485 848 3564 (Par.)
872 3484 958 3557 Quid
980 3485 1037 3543 tibi
1058 3503 1146 3544 nnnc
1164 3485 1322 3563 prodest
1344 3438 1786 3561 motte'scfflcapittos
1889 3483 1892 3487 ’

1301 3565 1573 3648 N-f*

689 3653 741 3713 AV
900 3698 922 3726 „
997 3699 1018 3728 „
1092 3697 1112 3727 „
1165 3652 1301 3711 molles
1320 3653 1478 3728 prodest
1498 3652 1632 3711 coluisse
1652 3651 1785 3727 capillos

1247 3730 1670 3776 N———d

362 3785 430 3858 Quo
461 3786 532 3846 loeo
563 3785 632 3845 cod.
666 3783 693 3845 G
724 3792 848 3846 rectum
877 3793 974 3862 atque
1005 3787 1176 3862 genuinum
1210 3783 1360 3847 exhibere
1392 3787 1535 3846 ordinem
1561 3784 1733 3845 verborum
1763 3801 1783 3844 a
1808 3783 2026 3862 superioribus
2057 3781 2124 3843 edi-

362 3882 495 3943 tioribus
517 3899 647 3960 prorsus
677 3876 859 3960 neglectum
890 3886 1006 3945 iterum
1037 3900 1076 3944 ex
1103 3882 1216 3943 Tibulli
1243 3883 1474 3944 consuetudine
1495 3917 1535 3927 -
1556 3884 1705 3958 quoniam
1737 3900 1843 3960 neque
1874 3899 1989 3944 sensus
2018 3897 2126 3957 neque

362 3987 501 4042 metrum
522 3982 618 4042 ullam
639 3998 751 4043 ansam
772 3980 827 4041 dat
847 3981 1038 4042 diiudicandi
1060 4017 1100 4026 -
1120 3984 1198 4043 satis
1218 3999 1334 4059 magna
1355 3999 1429 4043 curn
1451 3983 1638 4060 probalitate
1660 3982 1873 4044 demonstrari
1893 3987 2009 4061 potest.
2044 3981 2127 4041 Cum

361 4079 458 4156 igitur
482 4077 545 4138 boc
572 4081 640 4140 looo
668 4080 902 4141 conlocationes
928 4079 1097 4141 verborum
1122 4080 1165 4141 ita
1191 4080 1334 4142 interae
1361 4081 1517 4155 dillerant,
1543 4082 1634 4141 utin
1660 4080 1751 4141 codd.
1780 4080 1832 4141 AV
1853 4096 1911 4157 per
1937 4078 2127 4152 obiasmum,

363 4196 459 4256 quem
479 4185 604 4253 vocant,
625 4179 729 4255 posita
749 4180 812 4239 sint
838 4177 945 4252 verba,
972 4180 1072 4239 altera
1092 4185 1198 4240 autem
1219 4179 1252 4240 in
1273 4181 1414 4257 positura
1434 4179 1605 4241 verborum
1621 4177 1782 4240 obiasmus
1802 4195 1866 4239 non
1881 4185 1976 4253 extet,
1990 4179 2127 4239 circum·

362 4275 562 4354 spiciendum
583 4276 654 4350 erit,
675 4282 780 4337 utram
802 4277 834 4336 in
855 4277 1005 4337 similium
1027 4277 1196 4338 verborum
1218 4278 1365 4337 iunctura
1385 4284 1479 4354 poeta
1499 4279 1599 4355 magis
1626 4277 1821 4337 adamaverit
1842 4278 1997 4338 rationem
2017 4275 2128 4336 conlo·

364 4475 577 4494 -Δ--ι-

473 4604 494 4673 ¹)
511 4604 693 4662 'l'ibullische
711 4604 825 4661 Blatter
843 4621 870 4676 p.
890 4604 932 4660 62

473 4694 585 4766 ¹)prol
604 4711 632 4764 p.
650 4693 693 4750 ll.

472 4784 498 4854 ⁸)
517 4785 553 4839 ei.
573 4785 648 4839 infra
665 4798 693 4853 p.
713 4783 749 4838 35
767 4783 825 4838 sub
845 4797 924 4838 num.
943 4783 989 4838 ΙΙΙ.

472 4873 494 4941 ⁴)
513 4879 672 4929 comment.
691 4889 719 4943 p.
737 4873 781 4928 29.

472 4963 495 5030 Ι)
517 4963 555 5019 el.
573 4962 604 5018 b.
623 4962 749 5018 Mueller
767 4963 805 5018 de
824 4975 856 5017 re
876 4962 1001 5018 metrica
1020 4977 1048 5031 p.
1067 4959 1128 5023 145,
1153 4959 1298 5016 Drobisclr
1316 4961 1346 5014 in
1364 4965 1422 5018 aot.
1442 4962 1577 5016 socient.
1597 4976 1700 5017 saxon.
1720 4962 1799 5031 bips.
1818 4975 1844 5016 a.
1868 4961 1932 5016 1871
1955 4961 2011 5017 vol.
2025 4960 2129 5030 lllllll,

363 5068 392 5122 p.
410 5052 424 5106 l
446 5067 521 5122 sqq,
540 5052 591 5107 ubi
611 5053 667 5106 vid.
686 5068 715 5121 p.
733 5050 775 5106 la
