4732 5746
314 1033 337 1104 1,
353 1035 403 1106 t,5

1256 321 1435 382 ..6-

618 507 715 587 Lygd.
735 507 795 580 3‚5.
837 507 903 568 aar
924 514 960 567 ut
981 507 1104 567 inulta
1125 508 1190 567 mei
1211 515 1405 568 renouarent
1425 510 1564 587 iupera
1586 512 1686 571 tauri.

566 605 687 668 Deinde
711 604 867 667 habemus
898 605 992 668 huius
1017 607 1077 667 loci
1098 607 1297 667 manifestam
1319 607 1528 670 imitationem
1550 609 1633 687 apud
1656 608 1802 671 Ovidium
1823 609 1908 671 Fast.
1929 608 2019 684 alat
2087 598 2096 606 ’

1315 735 1344 784 et
1366 743 1435 784 oues
1453 726 1581 802 pauisse
1601 725 1731 785 nocebat

1006 820 1226 901 luperaque
1246 825 1362 883 inculti
1380 842 1513 901 pauca
1533 831 1640 884 teucro
1660 826 1729 886 soli.

566 937 665 1015 Magis
686 923 808 1000 incerta
828 940 982 1001 fluctuant
1002 926 1210 1017 interpretum
1230 942 1379 1018 iudicia1)
1400 942 1440 1003 de
1462 943 1560 1005 altero
1582 945 1653 1005 loco

878 1057 901 1131 Ι,
921 1055 972 1131 t,5
992 1057 1019 1118 G
1061 1057 1111 1117 Me
1132 1076 1205 1117 maa
1221 1065 1400 1134 paupertas
1420 1059 1504 1118 uita
1525 1059 1674 1119 traducat
1696 1061 1795 1119 iuertr‘
1875 1053 1879 1069 '

992 1156 1089 1229 AV„
1152 1202 1173 1230 rr
1284 1203 1307 1231 rr
1419 1159 1533 1217 vitae
1595 1206 1617 1233 rr

456 1247 561 1324 Atque
599 1249 737 1310 alienum
774 1258 823 1311 est
842 1251 915 1312 boc
954 1253 1023 1314 loco
1059 1271 1171 1317 omnes
1207 1273 1397 1317 enumerare
1434 1264 1465 1318 et
1501 1259 1700 1318 coniecturas
1737 1258 1837 1319 iactas
1874 1264 1905 1319 et
1939 1273 1994 1318 eas
2031 1258 2216 1332 interpreta-

453 1347 569 1418 tiones,
591 1362 673 1422 quae
693 1349 853 1423 pertinent
874 1351 912 1410 ad
935 1351 1125 1428 scripturam
1147 1355 1241 1414 uitae.
1277 1355 1374 1415 Nobis
1400 1357 1495 1430 enim,
1523 1356 1637 1432 quibus
1664 1355 1929 1433 proficiscendum
1957 1362 2006 1416 est
2025 1354 2214 1430 ascriptura

456 1445 522 1503 vita
536 1445 695 1522 excerptis
709 1443 787 1507 Fris.
810 1447 1006 1524 confirmata
1028 1453 1164 1527 primum
1185 1455 1326 1514 omnium
1348 1453 1520 1515 videndum
1543 1462 1600 1527 est,
1622 1453 1701 1515 haec
1721 1472 1799 1515 num
1814 1461 1922 1532 aptum
1945 1455 2060 1515 efficiat
2081 1468 2213 1512 sensum

455 1544 558 1618 Atque
580 1546 817 1605 coniunctivum
839 1545 990 1605 traducat
1011 1570 1074 1613 non
1089 1555 1268 1628 exprimere
1290 1555 1461 1628 optionem,
1483 1559 1517 1613 ut
1530 1553 1640 1613 volunt
1662 1552 1814 1627 nonnulli,
1835 1551 1893 1613 sed
1908 1551 2102 1624 concessive,
2124 1550 2210 1626 quod

453 1651 541 1710 aiunt
561 1653 769 1726 grammatici,
791 1650 942 1713 hocloco
963 1647 1139 1713 adhibitum
1161 1668 1233 1711 esse
1259 1668 1316 1728 pro
1338 1651 1410 1710 licet
1430 1650 1592 1726 traducat,
1613 1650 1745 1727 adparet
1766 1667 1806 1710 ex
1819 1666 1900 1710 voce
1920 1650 2099 1725 insequenti
2121 1648 2215 1706 datm

455 1748 566 1808 luceat.
610 1749 738 1824 Deinde,
760 1753 929 1826 quominus
950 1751 1121 1811 ablativum
1143 1751 1211 1808 uita
1232 1751 1331 1807 inerti
1358 1750 1552 1825 accipiamus
1577 1767 1634 1826 pro
1659 1768 1718 1825 par
1743 1751 1857 1823 uitam,
1887 1755 1920 1810 ut
1946 1748 2139 1809 Goerenzius
2161 1764 2214 1807 ex·

453 1846 557 1922 plicat,
584 1848 688 1908 obstat
715 1851 819 1923 ipsum
852 1866 953 1927 genus
980 1849 1116 1921 dicendi,
1148 1847 1233 1925 quod
1259 1849 1412 1924 exemplis
1440 1849 1637 1924 comprobari
1657 1850 1775 1925 nequit.
1818 1849 1928 1909 Restat
1952 1849 2046 1922 igitur
2067 1846 2210 1919 Fruterii,

454 1962 550 2023 quem
566 1946 742 2008 Gronovius
751 1943 778 2022 2)
791 1955 922 2009 secutus
943 1956 1001 2021 est,
1016 1948 1233 2023 interpretatio
1249 1955 1281 2009 et
1301 1949 1466 2025 aptissima
1486 1955 1519 2008 et
1540 1949 1719 2008 verissima:
1741 1953 1889 2023 „propter
1903 1950 2121 2022 paupertatem
2136 1944 2209 2003 licet

452 2045 605 2105 infament
627 2062 679 2106 me
700 2043 846 2108 homines
868 2054 899 2107 et
920 2063 978 2124 per
1004 2062 1059 2107 ora
1079 2047 1228 2107 traducar
1248 2053 1399 2122 tanquam
1424 2047 1527 2121 piger,
1548 2048 1649 2117 iners,
1671 2043 1747 2105 nihil
1775 2060 1862 2118 curo,
1884 2043 1960 2103 dum
1981 2043 2108 2103 assiduo
2135 2043 2206 2118 igne

451 2144 540 2204 iocus
562 2143 639 2204 mibi
661 2144 793 2207 luceat.“
835 2145 922 2218 Quae
944 2147 1110 2222 explicatio
1132 2161 1325 2221 quamquam
1346 2147 1422 2221 ipsis
1438 2152 1551 2220 poetae
1566 2143 1671 2204 verbis
1686 2144 1841 2204 nonsatis
1855 2141 2063 2202 accomodata
2083 2143 2212 2203 eviden-

450 2243 574 2304 tissime
595 2242 768 2304 illustratur
789 2244 933 2304 eiusdem
954 2245 1103 2305 carminis
1125 2260 1174 2303 vv.
1196 2245 1235 2306 57
1257 2250 1288 2303 et
1308 2244 1363 2304 58:

877 2359 950 2418 Noa
972 2378 1027 2437 epo
1050 2359 1182 2418 laudari
1204 2377 1293 2432 carro,
1316 2377 1388 2417 urea
1411 2359 1524 2417 Delia:
1546 2364 1649 2415 tecum

877 2457 974 2517 Dum
997 2458 1107 2517 modo
1128 2460 1201 2532 sim,
1226 2477 1353 2536 qrtaeso,
1377 2460 1509 2535 scpuis
1532 2459 1718 2533 inersque
1738 2473 1861 2516 vocer.

555 2574 657 2636 Verba
678 2579 785 2635 autem
807 2574 874 2632 uita
896 2575 993 2633 inuti
1015 2591 1071 2651 pro
1093 2573 1229 2634 ablativo
1250 2575 1367 2635 causali
1389 2575 1573 2651 accipienda
1600 2579 1673 2633 sunt
1699 2573 1740 2632 ad
1760 2588 1875 2632 vocem
1893 2576 2071 2648 paupertas
2091 2572 2209 2647 pariter

449 2678 545 2750 atque
566 2673 605 2733 ad
634 2673 784 2733 traducat
809 2672 984 2748 referenda,
1006 2673 1049 2733 ita
1075 2679 1110 2733 ut
1129 2671 1182 2732 hic
1209 2675 1323 2734 evadat
1344 2691 1472 2734 sensus:
1501 2673 1589 2746 Quia,
1616 2688 1690 2732 cum
1715 2672 1767 2731 alii
1794 2669 1921 2730 assiduo
1946 2669 2054 2730 labore
2079 2668 2205 2729 divitias

448 2787 560 2848 parare
582 2771 741 2845 studeant,
762 2788 834 2832 mea
855 2773 920 2831 vita
939 2773 1024 2831 iners
1045 2778 1102 2846 est,
1124 2787 1195 2831 eam
1216 2770 1257 2831 ob
1279 2787 1406 2831 causam
1428 2788 1549 2848 pauper
1569 2789 1641 2832 sum
1661 2777 1694 2831 et
1713 2787 1771 2848 per
1792 2786 1846 2830 ora
1864 2769 2015 2830 traducor
2035 2766 2211 2842 hominum,

447 2870 504 2932 sed
532 2871 574 2930 nil
601 2886 686 2944 cure,
719 2869 794 2930 dum
824 2868 918 2929 modo
950 2887 976 2930 e.
1003 2885 1033 2945 q.
1060 2886 1085 2929 s.
1137 2868 1315 2927 Tradacere
1345 2877 1452 2929 autem
1482 2871 1567 2931 idem
1593 2869 1771 2946 significare
1796 2885 1892 2945 posse
1918 2866 2002 2945 quod
2031 2867 2208 2944 infamare,

448 2971 584 3029 ostentui
605 2970 653 3027 ccl
675 2969 798 3027 derisui
820 2986 977 3044 caponcrc
998 2970 1091 3046 quasi
1110 2988 1170 3045 per
1191 2987 1248 3028 ora
1270 2970 1440 3028 homiruuu
1461 2970 1577 3028 ducere
1598 2969 1686 3030 hisce
1707 2967 1934 3028 conroborelur
1954 2967 2121 3043 exemplis:

554 3069 694 3144 Propert.
717 3064 893 3143 111,16,t³)
921 3065 986 3126 Nec
1007 3068 1052 3125 sic
1076 3085 1137 3144 par
1162 3072 1261 3126 totam
1290 3068 1427 3144 infamis
1448 3067 1634 3126 traducerer
1654 3066 1775 3127 urbem.

554 3166 675 3226 Martial
695 3165 744 3239 vt,
766 3167 843 3239 tta.
886 3165 1026 3240 Rideris,
1050 3166 1213 3242 multoque
1234 3167 1339 3243 mauis
1361 3165 1555 3239 traducaris,
1579 3166 1668 3241 Afer.

552 3259 616 3324 Liu.
638 3263 676 3338 ΙΙ,
696 3263 750 3323 38;
773 3269 893 3322 vestras
914 3246 1076 3341 conticuos,
1100 3271 1216 3324 uestros
1240 3263 1353 3323 liberos
1375 3263 1537 3322 traductos
1559 3281 1616 3340 per
1638 3281 1696 3322 ora
1717 3263 1885 3322 hominum
1912 3308 1919 3323 .
1944 3309 1951 3322 .
1973 3309 1980 3323 .

553 3363 676 3423 Patron.
699 3361 762 3422 Sat.
784 3363 823 3423 87
845 3361 907 3440 (ed.
929 3361 1107 3423 Buecheler
1127 3380 1156 3439 p.
1178 3363 1240 3438 56).
1285 3363 1470 3438 Despectam
1498 3380 1530 3421 se
1552 3370 1581 3421 et
1607 3361 1751 3420 derisum
1774 3367 1809 3419 et.
1825 3360 2011 3419 traductum
2038 3359 2123 3417 iuter
2150 3357 2204 3415 di-

446 3462 582 3538 scipulos
599 3508 626 3522 ..
643 3508 649 3521 .
664 3459 737 3520 ibid.
762 3461 798 3522 l'l
820 3462 864 3538 (p.
887 3461 941 3535 tt)
960 3467 1032 3536 peto
1054 3466 1082 3519 et
1104 3480 1158 3519 oro
1181 3480 1220 3519 ae
1236 3509 1242 3522 .
1259 3509 1265 3522 .
1281 3462 1420 3537 jaciatis
1440 3480 1518 3520 aeae
1532 3460 1701 3519 traducere
1714 3461 1819 3519 uelitis
1832 3465 1877 3518 tot
1892 3475 2055 3517 annorum
2068 3463 2197 3516 secreta.

445 3561 544 3622 Recte
564 3562 658 3637 igitur
679 3559 849 3620 Muellerus
871 3566 903 3619 et
924 3557 1134 3621 Baehrensius
1156 3561 1223 3618 vita
1244 3561 1275 3619 in
1295 3567 1419 3620 textum
1441 3566 1639 3635 receperunt.
1704 3579 1711 3590 ’

551 3659 597 3718 Do
618 3659 695 3718 locis
716 3674 802 3732 vero,
824 3659 878 3735 qui
899 3664 1029 3732 restant,
1050 3658 1105 3718 ubi
1127 3665 1252 3733 apertas
1273 3658 1364 3719 codd.
1384 3659 1438 3719 tv
1461 3657 1610 3718 exhibent
1636 3657 1845 3733 corruptelas:
1867 3656 1980 3714 iuncta
2000 3671 2059 3732 pro
2079 3655 2198 3725 uincta,

444 3757 561 3816 sentito
582 3774 639 3833 pro
660 3757 795 3828 sontica,
818 3755 955 3834 bipsatos
976 3773 1034 3833 pro
1056 3757 1208 3833 pipsutos,
1232 3758 1284 3815 lu‘c
1311 3766 1368 3815 aut
1389 3757 1446 3816 tibi
1475 3773 1532 3832 pro
1559 3758 1611 3816 luc
1639 3760 1696 3815 aut
1723 3756 1775 3813 luc
1792 3753 1858 3812 'tibi
1884 3754 2012 3815 omniuo
2037 3753 2125 3813 nulla
2149 3767 2201 3809 ax-

443 3864 511 3917 tare
539 3861 645 3931 potest
671 3855 832 3916 dubitatio.
867 3857 968 3916 Etiam
989 3855 1012 3929 1,
1034 3856 1098 3929 isti
1124 3873 1142 3916 a
1164 3856 1265 3917 forma
1285 3875 1342 3916 uec
1363 3873 1419 3933 pro
1441 3874 1542 3932 aeqrre
1564 3873 1627 3915 non
1649 3859 1706 3926 est,
1728 3853 1813 3929 quod
1828 3851 2027 3924 recedamus,
2049 3849 2196 3924 quoniam

443 3955 584 4015 Tibullus
610 3972 667 4011 uec
694 3960 728 4013 et
753 3962 828 4013 ante
849 3961 1061 4015 consonantes
1090 3962 1121 4015 et
1148 3963 1223 4016 ante
1251 3957 1379 4015 vocales
1401 3952 1549 4031 posuit,⁴)
1571 3971 1597 4014 e.
1620 3970 1648 4029 g.
1671 3959 1745 4013 ante
1765 3955 1979 4011 consonantes
1999 3948 2022 4019 I,
2044 3945 2112 4018 tto
2132 3961 2191 4001 uec

441 4070 576 4128 semper,
599 4052 639 4112 29
660 4058 865 4125 tractamus,
887 4057 961 4112 ante
981 4053 1109 4113 vocales
1129 4051 1152 4126 1,
1173 4053 1244 4125 295
1264 4071 1322 4112 aec
1347 4060 1422 4112 anta
1443 4055 1465 4127 l,
1486 4054 1555 4126 {llil
1577 4070 1633 4111 uec
1655 4067 1771 4110 ensem.
1814 4048 1904 4122 Quod
1929 4047 2038 4106 attinet
2067 4043 2105 4103 ad
2134 4043 2197 4102 elo-

441 4152 601 4211 cutionem
623 4150 746 4208 sontica
768 4168 865 4209 causa
889 4153 1051 4213 rarissima
1075 4151 1128 4212 illa
1154 4152 1281 4234 quidem
1307 4160 1356 4212 est
1382 4169 1486 4229 neque
1513 4167 1648 4227 usquam
1669 4148 1752 4225 apud
1778 4148 1948 4222 scriptores
1969 4142 2064 4203 huius
2084 4143 2197 4202 aetatis

439 4256 600 4326 uraupata,
621 4256 728 4310 tamen
749 4247 873 4310 duobus
898 4250 989 4310 bonis
1014 4250 1221 4311 confirmatur
1245 4252 1452 4311 documentis.
1499 4250 1580 4309 Dixit
1613 4251 1697 4308 enim
1724 4248 1818 4307 Festo
1842 4246 1981 4303 testante
2008 4238 2199 4315 Naevius:⁶t

440 4493 652 4504 ae———a

549 4633 568 4701 ¹)
587 4634 623 4688 ci.
643 4632 913 4701 Heyne-Wunderl.
933 4636 1050 4690 observ.
1071 4650 1099 4705 p.
1119 4634 1135 4688 7
1155 4639 1186 4691 et
1204 4636 1227 4690 8,

544 4722 565 4790 ²)
584 4723 616 4778 lu
636 4723 773 4778 Gronovii
793 4724 973 4779 antidiatrib.
993 4725 1127 4790 elencho,
1148 4740 1236 4793 quem
1256 4728 1370 4781 excitat
1388 4724 1640 4792 Wunderlichius,
1660 4723 1700 4776 nil
1720 4724 1757 4776 de
1776 4722 1833 4777 hoc
1852 4725 1919 4779 loco
1938 4722 2046 4778 inveni.

546 4811 571 4878 ⁸)
589 4811 622 4866 ln
642 4812 785 4881 Propertii
804 4811 878 4867 locis
897 4813 1037 4868 excitatis
1058 4813 1315 4871 Lachmannianae
1344 4813 1482 4869 editionis
1508 4829 1534 4868 a.
1553 4813 1639 4868 1816
1658 4813 1788 4868 emissae
1810 4818 1937 4868 secutus
1959 4825 2027 4867 sum
2046 4821 2194 4864 numeros.

545 4902 566 4969 ⁴)
585 4903 622 4957 ci.
648 4902 809 4957 Kleemann
834 4906 867 4957 de
895 4907 963 4958 libri
991 4909 1068 4959 tertii
1090 4908 1274 4968 carminibus,
1303 4921 1373 4972 quac
1402 4905 1504 4958 Tibulli
1530 4909 1640 4958 nomiae
1668 4904 1915 4970 circumferuntur.
1939 4899 2059 4955 dissert.
2083 4903 2197 4972 Argen·

436 4998 523 5048 terat.
543 5008 570 5049 a.
592 4990 672 5060 1876,
691 5007 717 5060 p.
737 4991 780 5046 34.

545 5081 566 5149 ⁵)
586 5082 687 5151 fragm.
707 5095 781 5137 com.
801 5081 873 5150 lllll,
891 5080 945 5135 tte
964 5082 1098 5138 Ribbeck
1117 5096 1190 5137 com.
1210 5083 1330 5138 Roman.
1349 5082 1437 5154 trag.¹
1455 5099 1485 5154 p.
1505 5082 1548 5138 29.
