4732 5746
1013 355 1050 368 -
1092 322 1131 381 ltl
1173 356 1212 365 —

229 511 363 589 perinde
386 527 422 570 ac
444 511 470 569 si
493 509 561 570 cod.
585 508 611 569 G
632 527 715 571 unus
737 512 879 571 omnium
901 517 1006 571 careat
1027 511 1160 583 mendis
1182 510 1287 585 qualia
1308 509 1379 570 oriri
1401 510 1505 569 solent
1530 510 1582 569 vel
1602 525 1660 586 per
1681 511 1793 570 calami
1814 510 1921 585 lapsus
1942 511 1993 570 vel

227 610 379 673 similium
400 610 573 669 verborum
596 611 797 671 contusiones
822 611 874 670 vel
903 612 1067 670 oculorum
1094 609 1309 670 aberrationes
1335 609 1387 668 vel
1424 609 1614 683 nescioquos
1640 607 1838 668 librariorum
1869 624 1993 668 errores

226 708 510 784 frequentissimos.
558 707 702 783 Namque
728 709 753 766 si
781 707 1007 783 discrepantias
1029 708 1272 783 respexerimus,
1295 707 1405 783 quales
1427 713 1511 766 sunt·

749 805 771 877 1,
792 806 863 878 ase
885 804 987 863 utem
1008 806 1060 864 nv
1276 804 1376 863 uum
1417 804 1443 864 u

749 903 772 976 Ι,
793 904 859 976 5,71
883 923 951 962 nore
1024 951 1041 978 ‚‚
1277 922 1353 962 num
1415 951 1433 978 „

750 1003 771 1076 1,
792 1001 842 1074 6,9
884 1003 992 1062 ludere
1023 1049 1041 1077 ‚‚
1277 1003 1381 1085 ipdere
1414 1050 1432 1077 ‚,

673 1099 769 1178 Lygd.
791 1101 841 1167 28
882 1107 960 1158 stuta
1026 1148 1044 1176 „
1272 1107 1349 1160 stota
1412 1147 1429 1175 „

724 1245 742 1271 ‚,
792 1200 841 1272 6,Ἰ
884 1200 1002 1257 ditinum
1024 1246 1041 1274 ‚,
1277 1199 1431 1273 dirum„

231 1296 344 1372 quibus
366 1296 514 1357 omnibus
536 1296 614 1357 locis
636 1296 705 1357 cod.
727 1298 780 1358 AV
801 1298 1027 1374 praeferendos
1048 1315 1120 1360 esse
1141 1314 1180 1359 ex
1202 1314 1283 1358 nexu
1305 1300 1537 1359 sententiarum
1558 1303 1671 1372 sponte
1685 1295 1798 1369 elucet,
1814 1298 1884 1372 quis
1906 1295 1988 1356 bene

230 1408 325 1453 sanus
344 1394 419 1454 talia
441 1391 604 1454 lenissima
625 1402 756 1470 peccatu
778 1412 851 1455 cum
874 1393 1101 1471 Rossbergi01)
1130 1395 1308 1471 opinabitur
1328 1398 1361 1455 in
1388 1394 1456 1455 cod.
1479 1393 1505 1453 G
1533 1411 1590 1471 per
1615 1394 1890 1471 interpolationem
1917 1410 1990 1454 esse

229 1488 389 1551 immixta‘?
411 1492 532 1553 Deinde
554 1493 640 1568 quod
662 1494 790 1568 ll,l,15
812 1496 947 1571 legimus
968 1497 999 1555 in

642 1593 695 1651 AV
717 1592 854 1666 Cernite,
876 1594 1031 1669 snipentes
1052 1598 1088 1649 nt
1108 1598 1157 1649 eet
1178 1609 1265 1651 socer
1288 1609 1413 1666 uqnus
1436 1591 1477 1649 ad
1500 1609 1575 1649 ares
1692 1652 1697 1658 ,

655 1689 681 1749 G
772 1736 790 1764 av
938 1736 955 1764 n
1043 1728 1068 1763 'tv
1116 1737 1134 1764 n
1196 1736 1213 1764 n
1274 1689 1383 1764 1111113
1435 1736 1453 1763 n
1508 1735 1526 1764 n

425 1789 479 1850 vel
498 1790 522 1862 Ι,
544 1788 613 1861 Mb
633 1790 687 1849 Av
711 1787 815 1859 Quam
836 1788 923 1847 iuvat
945 1788 1114 1847 immites
1136 1795 1241 1848 ventos
1263 1789 1377 1847 otidire
1398 1787 1562 1847 cubantem

651 1886 677 1946 G
763 1932 780 1960 ’7
872 1932 890 1960 ’²
945 1890 1092 1945 {munes
1184 1932 1201 1960 >r
1314 1932 1331 1959 ’5
1463 1932 1481 1960 n

226 1980 305 2057 quid
325 1981 456 2043 tandem
477 1992 686 2046 correctorem
709 1987 838 2046 omnino
860 1986 999 2046 voluisse
1020 1985 1231 2061 Rossbergius
1252 1984 1311 2044 sibi
1333 1986 1537 2061 excogitavit,
1565 2000 1639 2043 oum
1667 1987 1778 2043 censet
1787 1979 1813 2059 2)
1834 1979 1893 2042 bas
1914 1982 1985 2042 cod.

228 2078 255 2138 G
277 2080 431 2141 lectiones
450 2083 654 2158 interpolatas
676 2084 771 2145 esse‘l
797 2086 859 2144 Aut
885 2100 949 2160 quo
976 2084 1105 2143 ductum
1134 2089 1284 2159 putemus
1311 2083 1569 2158 interpolatorem
1596 2081 1619 2156 Ι,
1639 2081 1699 2155 4,6,
1722 2080 1776 2142 ubi
1796 2082 1931 2158 legimus
1951 2083 1985 2142 in

684 2184 737 2242 AV
759 2181 872 2241 Nudus
893 2188 922 2239 et
943 2181 1085 2241 cestini
1108 2185 1251 2258 tempora
1272 2180 1352 2239 sicce
1375 2179 1473 2239 Carris

230 2274 347 2334 aestivi
365 2279 551 2342 immutasse
571 2284 603 2342 in
626 2281 794 2341 aestivae?
816 2283 870 2357 (cs.
887 2281 982 2359 Lygd.
1005 2281 1054 2355 53
1068 2278 1123 2339 sub
1138 2279 1302 2338 aestivum
1324 2309 1364 2338 ,ο
1384 2326 1389 2338 .
1413 2276 1556 2354 Canem).
1588 2278 1856 2339 Terminationem
1878 2283 1986 2338 autem

230 2388 268 2430 ae
288 2389 345 2449 per
364 2373 479 2438 librarii
499 2380 679 2440 socordiam
700 2381 866 2456 irrepsisse
887 2380 958 2439 luce
979 2386 1027 2439 est
1049 2380 1172 2452 clarius,
1194 2380 1222 2438 si
1243 2394 1357 2438 versus
1377 2377 1597 2439 antecedentis
1618 2393 1840 2454 comparamus
1861 2377 1985 2437 initium
2042 2412 2046 2418 ·

228 2470 419 2532 simillimum
439 2474 547 2535 nudus
568 2483 596 2534 et
618 2477 785 2538 hibernae.
925 2537 927 2541 ⁴
1323 2460 1326 2467 ’

329 2567 392 2629 Sed
419 2574 602 2635 omittemus
628 2593 714 2637 nunc
739 2577 821 2636 tales
848 2577 945 2648 locos,
972 2575 1026 2636 ubi
1054 2575 1173 2635 codicis
1200 2573 1226 2633 G
1253 2580 1285 2635 et
1311 2576 1508 2650 corruptelae
1534 2575 1621 2651 ipsae
1649 2580 1681 2635 et
1708 2591 1818 2635 earum
1845 2573 1931 2650 origo
1954 2573 1987 2630 in

223 2672 371 2741 promptu
391 2676 476 2744 sunt,
497 2673 625 2748 iamque
646 2674 686 2733 ad
708 2691 764 2735 eos
784 2681 983 2734 transeamus
998 2673 1191 2746 tractandos,
1206 2671 1321 2748 quibus
1334 2670 1547 2733 Baehrensius
1561 2673 1659 2733 falsus
1674 2689 1746 2733 esse
1760 2669 1838 2733 mibi
1850 2673 1986 2743 videtur,

223 2762 309 2837 quod
330 2765 451 2827 codicis
473 2768 499 2829 G
522 2771 675 2832 lectiones
696 2773 727 2832 in
748 2778 871 2831 textum
892 2772 1021 2846 recepit,
1043 2771 1266 2847 Rossbergius,
1289 2771 1372 2845 quod
1401 2770 1515 2829 iterum
1541 2771 1721 2846 iterumque
1751 2769 1820 2829 cod.
1842 2769 1868 2830 G
1890 2770 1984 2830 inter-

223 2860 391 2936 polationis
412 2863 509 2928 habet
529 2877 725 2946 suspectum,
747 2872 835 2931 velut

624 2970 661 3043 ΙΙ,
682 2971 752 3043 1,76
773 2972 825 3029 AV
847 2970 898 3029 Ad
919 2969 1064 3027 invenem
1095 2965 1267 3026 tenebris
1299 2968 1367 3026 sola
1384 2968 1495 3043 puella
1515 2965 1600 3024 venit

790 3067 816 3127 G
858 3114 875 3141 ‚,
977 3113 995 3141 ,‚
1064 3065 1287 3124 intenebris
1329 3112 1347 3139 ‚,
1428 3111 1446 3139 ‚‚
1541 3111 1549 3139 ‚

226 3157 294 3230 Quo
319 3158 389 3220 loco
416 3160 427 3216 i
435 3181 456 3219 u
482 3162 615 3221 tenebris
641 3165 752 3226 Tibulli
779 3165 1001 3226 consuetudini
1029 3181 1159 3241 prorsus
1184 3180 1362 3241 repugnare
1390 3163 1535 3240 exempla
1560 3163 1600 3223 ab
1626 3164 1851 3241 interpretibus
1879 3164 1983 3224 adleta

223 3253 453 3318 Baehrensium
481 3261 639 3322 debebant
661 3264 776 3324 docere
799 3265 837 3324 ci.
864 3264 886 3338 Ι,
912 3265 983 3337 935
1010 3260 1177 3320 tenebris
1206 3309 1272 3322 ...
1299 3280 1405 3337 reaper,
1432 3265 1454 3337 Ι,
1481 3263 1550 3336 6,59
1578 3262 1663 3320 Haec
1688 3261 1769 3319 milri
1796 3265 1824 3318 te
1850 3261 1983 3320 adducit

224 3352 411 3429 tenebris,
432 3357 455 3431 Ι,
483 3358 570 3432 10,50
592 3369 708 3435 autem,
730 3362 782 3422 ubi
809 3362 942 3437 legimus
969 3366 1000 3417 ut
1029 3360 1134 3418 tristia
1161 3360 1237 3418 duri
1264 3360 1376 3420 Militis
1402 3361 1441 3418 in
1469 3359 1601 3419 tenebris
1629 3363 1759 3437 occupat
1784 3377 1876 3417 arma
1902 3358 1982 3417 situs

226 3472 290 3516 non
310 3455 351 3517 de
370 3461 524 3534 tempore,
546 3461 603 3521 sed
626 3462 667 3521 de
689 3462 759 3521 loco
780 3463 891 3538 agitur.
934 3462 999 3521 lam
1021 3459 1126 3536 inepte
1148 3461 1257 3521 statuit
1278 3456 1524 3536 Rossbergiussst
1550 3461 1783 3536 praepositione
1804 3458 1840 3516 in
1860 3460 1978 3518 inserts

224 3553 482 3631 interpolatorem
504 3558 659 3625 lacunam,
681 3574 777 3635 quam
799 3558 849 3619 bic
871 3566 979 3620 extare
1000 3559 1169 3635 putaverit,
1191 3559 1399 3634 supplevisse.
1422 3557 1519 3617 'Nam
1532 3558 1751 3633 unusquisque
1765 3556 1852 3616 videt
1866 3570 1979 3616 vocem

225 3651 262 3710 in
280 3653 455 3730 proiectam
476 3670 546 3714 esse
568 3672 607 3715 ex
628 3658 849 3717 terminatione
869 3656 1016 3717 vocabuli
1036 3655 1255 3716 antecedentis
1277 3655 1433 3715 tricenam.

331 3751 550 3829 corruptelam
571 3771 634 3815 non
655 3755 840 3815 dissimilem
861 3753 1017 3815 habemus
1149 3824 1155 3833 .

622 3855 646 3928 Ι,
666 3855 736 3927 2:16
757 3853 810 3915 AV
832 3852 935 3913 Mollis
956 3860 993 3912 et
1015 3852 1138 3912 incultu
1157 3851 1199 3910 sit
1218 3851 1299 3910 milri
1321 3870 1450 3911 somnus
1471 3851 1577 3912 humo.

769 3951 795 4015 G
883 3998 900 4027 n
952 3950 993 4010 in
1068 3997 1086 4025 n
1168 3997 1186 4025 aa
1247 3996 1265 4025 n
1367 3996 1385 4025 n
1506 3996 1524 4024 n

219 4045 434 4109 Baehrensius
456 4048 524 4109 cod.
547 4049 572 4109 G
593 4051 745 4125 sequitur.
787 4052 823 4111 ln
850 4053 896 4112 eis
917 4067 995 4111 sane
1018 4051 1180 4126 exemplis,
1210 4065 1292 4125 quae
1319 4048 1453 4124 legimus
1480 4043 1564 4124 apud
1592 4043 1796 4124 Heynium,⁴)
1823 4045 1859 4105 in
1884 4045 1981 4124 modo

220 4145 358 4221 ponitur,
378 4148 474 4208 modo
496 4148 594 4224 abest,
617 4155 651 4209 ut
1480 4218 1485 4224 ,

635 4250 727 4326 Prop.
749 4249 772 4322 Ι,
793 4248 883 4322 lens
903 4247 945 4306 ut
966 4247 1062 4306 datter
1083 4246 1201 4307 inculto
1223 4243 1350 4302 tramite
1371 4244 1457 4302 dure
1477 4242 1576 4320 quies.

484 4344 572 4405 Ovid.
595 4348 660 4407 Art.
681 4363 742 4406 am.
764 4346 801 4419 ΙΙ,
822 4345 882 4407 238
903 4344 1054 4420 Fripidus
1076 4350 1105 4403 et
1127 4343 1232 4402 liudo
1252 4359 1344 4420 saepe
1366 4339 1478 4401 iacebis
1500 4343 1607 4402 lrumo.

605 4446 696 4522 Prop.
717 4444 767 4517 IV,
787 4443 878 4518 14,16
898 4441 941 4500 Et
961 4447 1056 4520 caput
1077 4442 1122 4500 in
1143 4441 1229 4500 dura
1245 4457 1364 4518 ponere
1384 4439 1479 4499 iussit
1499 4441 1605 4501 humo.

595 4542 684 4605 Ovid.
706 4544 831 4605 Metam.
852 4542 963 4615 tutus
985 4589 991 4603 .
1015 4590 1022 4604 .
1044 4590 1050 4602 .
1073 4588 1080 4602 .
1104 4589 1110 4602 .
1129 4538 1297 4617 posuitque
1319 4538 1360 4597 in
1381 4535 1492 4596 limine
1512 4538 1594 4598 duro
1616 4538 1709 4600 Molle
1730 4541 1823 4600 latus.

217 4694 433 4704 u———-

330 4799 351 4869 ¹)
370 4802 406 4855 cf.
426 4799 444 4854 l.
463 4799 481 4856 l.
501 4815 521 4870 p
548 4800 590 4855 75.

330 4886 351 4957 ¹)
372 4890 388 4944 l.
408 4889 426 4943 l.
451 4904 478 4959 p.
498 4888 533 4943 75
557 4893 588 4943 et
607 4888 649 4943 77·

249 4996 254 5009 ’
328 4979 351 5048 ⁸)
370 4995 397 5050 p.
417 4980 461 5035 76.

329 5071 351 5141 ⁴)
369 5072 487 5129 observ.
506 5085 534 5139 p.
553 5067 598 5124 50.
