4732 5746
1020 329 1200 386 ..0-

233 533 403 595 personam
430 518 568 577 maxima
595 532 670 576 cum
700 517 732 575 vi
753 517 909 576 extollens
937 533 1062 592 qrroque
1093 516 1169 577 illud
1203 534 1264 577 non
1290 518 1387 578 modo
1424 534 1700 594 supervacaneum
1727 525 1785 591 est,
1812 519 1869 579 sed
1896 522 1992 580 etiarn

227 615 397 677 admodum
412 615 541 691 languet
556 620 653 689 atque
671 613 836 674 claudicat.
869 613 932 675 Sed
953 616 1117 675 audiamus
1140 616 1305 687 Klotzium,
1325 618 1379 691 qui
1394 633 1503 691 prepcs
1517 617 1589 676 ideo
1605 616 1677 677 terri
1697 634 1759 676 non
1780 632 1875 692 posse
1894 624 1992 692 putat,

228 713 310 790 quod
324 712 385 773 hoc
400 712 470 771 loco
487 728 549 771 non
571 711 610 771 de
632 711 810 769 mansuetis
832 711 1007 788 pecudibus
1028 715 1087 789 agi,
1109 712 1166 772 sed
1188 715 1264 773 solis
1285 713 1326 772 de
1347 713 1427 781 feris
1449 713 1627 773 luculenter
1647 714 1796 789 adpareat
1817 730 1856 773 ex
1877 714 1992 787 verbis,

227 817 494 887 quaesequantur
505 810 740 877 indomitus.
758 856 764 869 .
781 811 884 869 ‚inter
895 828 1004 885 cquae,
1021 813 1072 871 cui
1082 813 1191 871 sensui
1206 814 1301 871 etiam
1313 819 1463 869 armento
1477 812 1576 872 boves
1588 813 1692 872 leros
1706 811 1865 872 interdum
1876 812 1992 887 signill-

224 924 301 968 cans
314 909 478 980 inserviat,
492 909 622 968 minime
637 915 743 968 autem
755 926 876 984 qreqcs.
900 907 987 979 Quae
999 909 1139 981 ollensi0,
1155 916 1189 968 ut
1203 907 1243 967 ad
1257 910 1379 969 irritum
1390 909 1560 985 redigatur,
1573 909 1633 970 boc
1649 912 1800 986 respicias
1812 910 1992 985 exemplum

526 1025 651 1100 11,t,57
798 1073 804 1084 .
828 1073 834 1084 .
859 1073 865 1085 .
889 1025 952 1083 ubi
975 1026 1181 1084 indo-ruitis
1203 1025 1386 1101 prepibus
1414 1023 1516 1083 Venas
1538 1025 1631 1104 efflat
1652 1045 1778 1085 umores

225 1158 266 1201 ex
287 1158 351 1218 quo
371 1141 624 1203 manifestissime
645 1143 750 1214 elucet
771 1160 879 1218 prepes
902 1144 996 1202 etiam
1018 1143 1059 1202 de
1081 1143 1174 1202 feris
1196 1157 1290 1218 posse
1311 1142 1383 1202 dici.
1426 1142 1515 1213 Quod
1544 1157 1616 1201 oum
1643 1144 1686 1201 ita
1714 1145 1763 1215 sit,
1791 1144 1865 1219 quid
1895 1161 1990 1221 porro

226 1242 339 1312 obstat,
367 1241 533 1315 quominus
560 1240 740 1298 indomitos
767 1256 830 1299 non
857 1239 961 1299 solum
989 1240 1027 1299 ad
1056 1258 1165 1317 equos,
1193 1239 1251 1299 sed
1278 1242 1374 1300 etiam
1396 1240 1435 1299 ad
1457 1258 1566 1317 prepes
1588 1245 1619 1299 et
1641 1246 1790 1298 aretenta
1811 1243 1890 1302 tacit
1911 1242 1990 1303 rele-

227 1337 385 1412 ramus‘t1)
1842 1336 1846 1343 '

227 1435 393 1496 Praeterea
414 1437 453 1496 cl.
474 1436 534 1497 hos
556 1435 727 1497 Ovidianos
748 1435 835 1496 locos

587 1554 710 1613 Metam.
732 1551 755 1626 1,
776 1553 836 1613 513
890 1600 896 1612 .
940 1601 945 1612 .
989 1600 994 1611 .
1049 1553 1630 1629 nontriturarentuprepesque

858 1651 1020 1709 Horridus
1043 1651 1178 1710 observo.

638 1796 656 1824 ‚‚
707 1749 756 1823 lV,
777 1748 837 1810 034
858 1748 947 1807 Mille
967 1767 1100 1825 prepes
1124 1751 1171 1808 illi
1194 1750 1390 1826 totidemque
1411 1755 1593 1807 armentu
1613 1767 1672 1824 per
1694 1749 1807 1807 lrorbos

857 1845 1033 1906 Errabant.

224 1949 287 2010 Gur
309 1956 415 2009 autem
447 1951 548 2023 ipsum
569 1963 698 2007 versum
730 1943 908 2020 euphoniae
940 1962 1004 2005 non
1025 1946 1207 2005 satisfacere
1229 1951 1358 2003 censeat
1380 1944 1534 2016 illelmus,
1563 1959 1627 2002 non
1654 1944 1818 2018 perspicio.
1862 1943 1990 2004 Videtur

224 2047 371 2121 interque
396 2045 472 2106 illud
498 2047 530 2105 in
556 2045 671 2104 eodem
708 2059 803 2103 versu
834 2042 883 2103 bis
909 2045 1045 2119 positum
1072 2043 1257 2118 scrupulum
1288 2043 1317 2102 ei
1347 2044 1518 2116 adiecisse,
1555 2058 1750 2117 quamquam
1786 2039 1880 2103 huius
1911 2060 1987 2103 usus

224 2145 374 2220 loquendi
394 2144 549 2220 permulta
570 2141 654 2219 apud
675 2149 785 2218 poetas
807 2148 915 2201 extant
936 2141 1090 2217 exempla,
1113 2156 1247 2216 quorum
1268 2142 1345 2201 satis
1367 2139 1468 2200 babeo
1490 2156 1588 2199 unum
1610 2139 1818 2215 adscripsisse

605 2240 700 2317 Lygd.
723 2240 771 2313 1,t
792 2239 934 2315 Perque
957 2241 1026 2296 vius
1050 2239 1136 2296 urbis
1160 2256 1295 2295 murt-era
1316 2256 1465 2314 perque
1487 2237 1606 2295 doinus.

225 2342 457 2417 Congesserunt
481 2341 557 2400 talia
582 2338 727 2414 exempla
753 2338 893 2400 llandius
918 2337 1049 2397 Turseli.
1073 2335 1125 2409 ΙΙΙ,
1152 2353 1181 2412 p.
1207 2336 1276 2408 409,
1302 2335 1492 2410 Fcrbiqerus
1517 2334 1557 2393 ad
1581 2335 1695 2411 Vergil.
1722 2336 1799 2394 Aen.
1815 2337 1852 2411 ΙΙ,
1867 2337 1936 2398 358.
1951 2374 1989 2382 -

225 2439 342 2511 Quibus
369 2440 523 2516 expositis
551 2455 738 2516 persuasum
768 2437 956 2498 babebimus
983 2437 1054 2496 cod.
1085 2436 1112 2496 G
1137 2434 1197 2495 hoo
1224 2435 1293 2494 loco
1327 2435 1515 2509 scripturam
1542 2432 1694 2509 praebere
1722 2437 1808 2495 omni
1833 2453 1872 2495 er
1897 2443 1986 2512 parte

223 2538 469 2614 comprobatam.

329 2655 484 2726 Quoniam
509 2653 614 2714 adbuc
641 2655 720 2713 tales
746 2654 953 2713 tractavimus
981 2652 1076 2723 locos,
1104 2650 1219 2727 quibus
1245 2651 1284 2709 ad
1312 2651 1381 2710 cod.
1413 2650 1439 2710 G
1466 2653 1686 2711 auctoritatem
1712 2653 1986 2714 conroborandam

219 2755 318 2829 ipsius
344 2752 573 2812 traditionis
599 2757 737 2811 natura
762 2750 853 2811 nobis
880 2751 1020 2811 attulerit
1047 2752 1211 2821 auxilium,
1239 2765 1324 2809 nunc
1359 2750 1398 2809 ad
1430 2767 1485 2810 eas
1517 2757 1717 2810 transeamus
1749 2751 1987 2829 discrepantias,

222 2867 302 2925 quas
326 2849 365 2909 ad
388 2850 606 2911 diiudicandus
632 2851 736 2910 solum
768 2849 818 2907 vel
847 2866 886 2908 ex
922 2864 1067 2924 genere
1098 2847 1261 2909 dicendi
1286 2848 1338 2907 rel
1365 2863 1404 2906 ex
1435 2850 1609 2909 metricis
1641 2849 1988 2911 observationibus

229 2948 340 3041 velex
361 2964 459 3008 nexu
480 2950 764 3008 sententiarum
786 2945 923 3022 petenda
944 2948 1007 3006 sint
1029 2954 1227 3021 argumenta.

330 3065 433 3140 Atque
464 3067 586 3125 initium
618 3067 781 3140 capiemus
812 3063 851 3122 ab
883 3066 928 3124 eis
961 3063 1048 3133 lociS,
1080 3062 1194 3136 quibus
1227 3061 1423 3121 diversam
1455 3063 1557 3121 inter
1593 3079 1636 3122 se
1673 3062 1772 3124 duae
1804 3066 1984 3126 codicum

220 3163 390 3228 familiae
412 3161 599 3223 exhibent
621 3163 935 3222 conlocationem
956 3163 1173 3222 verborum.
1217 3162 1297 3222 Sunt
1319 3168 1425 3221 autem
1447 3160 1531 3223 lrice:

755 3279 777 3351 Ι,
797 3279 867 3351 Ι,78
888 3279 1062 3353 despiciam
1085 3259 1165 3336 dites
1253 3276 1399 3354 G(Par.)
1481 3279 1564 3338 dites
1586 3280 1759 3355 despiciam
1827 3279 1879 3337 AV

756 3379 778 3451 Ι,
799 3377 849 3449 3,9
891 3393 964 3436 cum
986 3392 1038 3435 me
1252 3374 1278 3432 G
1481 3393 1533 3436 me
1555 3393 1628 3437 cum
1827 3376 1878 3435 AV

755 3476 777 3549 Ι,
799 3478 869 3548 3,30
891 3474 972 3533 iores
993 3490 1164 3533 ...sacras
1252 3473 1278 3531 G
1476 3490 1584 3533 sacras
1607 3475 1757 3535 ...fores
1825 3475 1878 3533 AV

755 3574 778 3648 l,
799 3574 848 3646 8,9
890 3573 1017 3648 prodest
1038 3573 1151 3632 molles
1248 3572 1394 3649 G(Par.)
1476 3574 1589 3633 molles
1610 3575 1741 3649 prodest
1826 3575 1878 3633 AV

755 3673 777 3745 Ι,
799 3673 869 3744 9,53
890 3671 982 3730 donis
1002 3686 1137 3746 puerum
1247 3668 1272 3727 G
1476 3686 1609 3745 puerum
1630 3671 1722 3731 donis
1824 3671 1878 3729 AV

741 3770 779 3842 ΙΙ,
800 3769 870 3841 alu
890 3770 1046 3846 promissa
1057 3767 1133 3828 mihi
1143 3766 1218 3843 (est)
1241 3768 1266 3828 G
1468 3766 1544 3828 mibi
1557 3769 1799 3846 promissa(est)
1822 3770 1874 3828 AV

681 3868 777 3944 Lygd.
798 3869 868 3941 337
890 3865 993 3926 reditu
1014 3863 1134 3942 dulci2)
1244 3865 1270 3922 G
1467 3865 1551 3925 dulci
1573 3866 1676 3925 reditu
1825 3867 1877 3926 Av

327 3962 369 4023 de
380 3962 466 4039 Sulp.
479 3969 512 4023 et
523 3962 660 4025 Cerinth.
672 3982 769 4026 amor.
791 3967 839 4039 tt
889 3974 922 4027 te
943 3982 1000 4043 per
1243 3963 1269 4022 G
1470 3970 1580 4041 perte
1820 3965 1897 4025 AVF

219 4077 339 4139 Omnes
374 4077 434 4139 hos
471 4081 558 4141 locos
589 4079 799 4157 Rossbergius
836 4081 912 4142 dicit
921 4078 947 4157 ³)
984 4083 1016 4141 in
1043 4079 1111 4139 cod.
1149 4079 1176 4138 G
1212 4097 1302 4140 mera
1342 4082 1575 4158 interpolatoris
1612 4079 1752 4141 lubidine
1789 4081 1977 4158 depravatos

220 4192 300 4237 esse.
342 4178 409 4239 lam
430 4177 645 4239 concedamus
666 4179 857 4254 Rossbergio
879 4179 993 4240 falsum
1014 4181 1083 4238 cod.
1111 4177 1138 4236 G
1167 4178 1317 4238 exhibere
1339 4180 1508 4239 verborum
1536 4179 1692 4240 ordinem:
1722 4187 1795 4240 ante
1822 4182 1931 4241 omnia
1952 4183 1981 4241 ei

222 4273 421 4336 obiciendum
443 4283 493 4336 est
514 4275 607 4337 buius
628 4279 754 4354 generis
776 4279 972 4353 corruptelas
999 4280 1076 4338 satis
1096 4277 1278 4351 frequentes
1305 4279 1336 4337 in
1364 4277 1449 4338 libris
1470 4294 1545 4336 mss.
1568 4294 1632 4337 non
1652 4277 1881 4354 transponendi
1901 4277 1981 4339 lubi·

222 4371 287 4431 dini
307 4372 504 4435 librariorum
523 4375 709 4437 tribuendas
731 4392 812 4446 esse,
833 4374 890 4434 sed
906 4391 1016 4435 eorum
1030 4374 1197 4435 socordiae
1219 4381 1314 4450 atque
1336 4375 1522 4436 oscitationi.
1551 4375 1694 4452 Namque
1709 4392 1804 4452 quem
1826 4376 1866 4435 ad
1882 4376 1979 4436 finem

222 4475 370 4545 putemus
384 4472 639 4564 interpolatorem
652 4476 742 4535 illum
756 4492 782 4534 e.
797 4491 825 4549 g.
841 4474 863 4547 l,
884 4473 933 4547 5‚7
952 4492 1011 4549 per
1033 4480 1062 4531 te
1076 4476 1229 4533 intactum
1249 4473 1424 4549 reliquisse,
1439 4475 1625 4534 immutasse
1640 4474 1680 4533 de
1694 4474 1779 4550 Sulp.
1795 4481 1827 4534 et
1842 4472 1979 4535 Cerintb.

219 4732 435 4741 —-—-

330 4889 354 4958 ¹)
372 4891 409 4946 cl.
429 4892 539 4947 Dissen
558 4893 596 4948 de
615 4891 699 4960 poesi
717 4890 822 4944 Tibulli
841 4907 869 4959 p.
889 4889 942 4945 165
961 4895 992 4945 et
1010 4890 1072 4944 ΙΙΙ.

328 4979 350 5045 ’l
370 4981 453 5045 Quod
471 4981 672 5037 Baehrensius
690 4981 764 5050 prol
783 4995 811 5050 p.
831 4979 866 5033 16
885 4985 1023 5049 testatur,
1042 4979 1255 5049 Rossbergium
1275 4978 1387 5048 elingit.

327 5068 352 5136 ⁸)
370 5070 389 5124 l.
407 5071 426 5127 t
444 5086 473 5141 p.
492 5072 536 5126 76.
