4612 5760
935 329 1133 389 ..35‚.

156 538 252 598 quam
275 521 456 581 enunciavit
482 523 591 596 poeta,
623 516 776 593 quando
804 521 988 591 vagaretur,
1009 514 1146 576 sonasse
1172 517 1268 578 etiam
1297 517 1458 592 indicavit,
1486 532 1560 592 qua
1585 520 1651 579 via
1675 525 1844 596 vagaretur
1870 520 1919 599 (ut

156 620 336 695 Propertius
359 618 434 678 dicit
458 634 490 677 v.
515 617 554 678 18
582 613 667 674 Huic
693 613 803 691 paneri
832 614 943 690 quouis
970 620 1142 691 tempore
1168 621 1240 673 tuta
1264 616 1329 673 via
1356 615 1428 691 επ),
1449 633 1523 677 eum
1548 617 1643 693 igitur
1670 618 1710 678 de
1736 634 1771 678 re
1803 618 1920 679 lurtiva

154 725 273 794 agatur,
297 734 360 776 non
382 732 440 792 per
460 718 529 776 vias
550 714 703 791 publicae,
724 712 782 773 sed
798 729 855 789 per
875 712 1056 788 angiportus
1078 729 1113 772 se
1135 720 1306 789 vagantem
1328 719 1422 789 poeta
1443 714 1557 774 fixerit.
1596 715 1653 775 Hic
1674 721 1780 776 autem
1801 733 1918 777 sensus

154 815 348 886 restituetur,
370 815 397 872 si
419 830 476 890 per
497 815 603 874 lenem
624 813 832 872 mutationem
847 827 920 871 cum
935 809 1135 871 Broukhusio
1144 810 1169 886 1)
1191 814 1412 889 scripserimus
1433 811 1562 886 ouius,
1575 814 1619 872 ita
1633 819 1668 873 ut
1689 812 1740 873 hic
1762 813 1918 875 alliciatur

153 928 282 972 sensus:
310 910 449 984 Adspice
475 927 542 984 me,
569 911 671 984 Delia;
704 925 756 970 me
787 924 915 984 quoque
941 908 1055 968 fortem
1081 908 1208 970 adiuvat
1233 909 1353 982 Venus,
1380 910 1504 969 etiamsi
1529 916 1641 971 nocte
1669 928 1726 987 per
1752 918 1917 973 remotas

152 1013 235 1070 vias
257 1026 311 1083 eo,
333 1010 386 1070 ubi
407 1010 506 1069 multa
527 1006 603 1068 mihi
625 1009 790 1069 imminent
811 1007 962 1082 pericula.
991 1005 1058 1066 lam
1072 1006 1112 1066 el.
1129 1005 1211 1068 haec
1226 1008 1381 1083 exempla,
1395 1007 1447 1066 ubi
1469 1008 1614 1068 similiter
1627 1006 1719 1066 avius
1730 1016 1914 1086 usurpatur:

564 1107 687 1167 Luerel.
711 1105 748 1178 ΙΙ,
769 1104 808 1164 82
830 1104 953 1162 Auins
975 1121 996 1160 a
1017 1122 1093 1162 vera
1115 1101 1215 1181 lonqe'
1230 1107 1356 1164 ratione
1376 1106 1552 1180 oaqaris.

431 1204 521 1280 Verg.
544 1204 623 1264 Aen.
647 1204 699 1276 Xl,
720 1202 781 1263 810
802 1248 809 1260 .
833 1249 839 1261 .
862 1248 869 1261 .
893 1202 928 1258 in
951 1203 1070 1260 montis
1091 1221 1156 1261 sese
1177 1204 1291 1261 auius
1313 1203 1440 1262 abdidit
1462 1204 1550 1263 altos.

634 1301 737 1380 (Verg.
760 1301 838 1359 Aen.
859 1298 896 1372 ΙΙ,
918 1299 976 1359 736
1004 1345 1010 1358 .
1033 1345 1040 1358 .
1062 1345 1070 1373 ,
1093 1348 1100 1360 .
1122 1346 1128 1358 .
1152 1346 1159 1359 .
1181 1297 1329 1376 Namque
1351 1302 1442 1359 avia
1462 1317 1557 1358 eursu

749 1397 835 1456 Dum
854 1415 969 1473 sequor
992 1405 1019 1455 et
1041 1404 1117 1456 nota
1140 1398 1254 1457 excedo
1276 1399 1407 1474 reqione
1421 1399 1595 1474 uiarum.)'

257 1534 323 1592 Hac
344 1533 419 1592 data
439 1534 607 1593 occasione
626 1550 689 1592 uon
709 1533 847 1592 alienum
868 1539 943 1607 puto
966 1532 1012 1593 de
1033 1534 1242 1609 Propertio
1263 1533 1409 1593 Tibulli
1432 1533 1632 1594 imitatore
1646 1537 1797 1597 nonnulla
1815 1539 1914 1599 verba

149 1628 262 1703 iacere,
278 1633 467 1707 praesertim
489 1649 563 1692 oum
584 1649 680 1708 grave
702 1632 862 1708 quoddam
883 1630 957 1690 iude
983 1632 1083 1706 possit
1108 1631 1219 1707 colligi.
1267 1632 1312 1690 Aa
1339 1632 1521 1707 Propertius
1553 1649 1616 1691 non
1641 1633 1737 1694 modo
1762 1651 1917 1712 saepenu-

150 1744 237 1787 mero
259 1730 372 1789 eadem
394 1746 432 1790 ac
454 1729 595 1790 Tibullus
615 1731 765 1789 tractavit
786 1734 981 1803 argumenta,
1002 1729 1058 1788 sed
1082 1731 1178 1788 etiam
1193 1730 1334 1805 singulos
1362 1746 1473 1790 versus
1495 1729 1698 1807 singulasque
1719 1735 1917 1796 elocutiones

147 1828 288 1887 imitatus
309 1837 367 1888 est.
1525 1875 1531 1887 .

149 1927 260 1987 Statim
282 1930 373 2003 primi
389 1929 501 1989 Tibulli
517 1929 666 1988 carminis
680 1926 845 1987 materiam
860 1942 878 1983 a
892 1925 1056 2001 Propertio
1070 1931 1238 1986 tractatam
1254 1926 1433 1987 invenimus
1448 1928 1562 2001 partim
1584 1927 1632 2002 IV,
1655 1928 1702 2001 16,
1717 1931 1830 2005 partim
1856 1931 1879 2006 Ι,
1894 1933 1914 1993 6

309 2043 348 2102 cl.
373 2042 876 2118 1v,16,151pseseramoues.
900 2087 907 2100 .
930 2089 936 2101 .
959 2085 966 2101 .
992 2087 998 2100 .
1022 2087 1028 2100 .
1052 2088 1058 2100 .
1081 2068 1113 2091 =
1136 2039 1203 2100 Tib.
1226 2041 1249 2113 Ι,
1272 2039 1320 2112 Ι,7
1348 2038 1419 2116 lpse
1446 2057 1551 2098 aeram
1580 2087 1587 2101 .
1613 2088 1619 2101 .
1643 2089 1649 2102 .
1671 2044 1750 2101 vites

507 2140 530 2214 I,
551 2140 700 2211 6,52930
720 2137 785 2197 Sed
805 2156 856 2197 me
875 2138 1058 2215 complexae
1079 2144 1286 2196 remorantur
1306 2138 1401 2197 uerba
1412 2139 1551 2215 puellae.-

714 2231 787 2292 Non
809 2253 865 2308 eqo
886 2253 957 2291 snm
978 2234 1081 2307 laudi,
1104 2254 1171 2292 uon
1191 2242 1288 2293 naras
1309 2234 1444 2293 idoneus
1466 2237 1583 2295 armis:

714 2331 806 2389 Hauc
827 2348 877 2389 me
899 2333 1053 2391 militiam
1074 2334 1145 2407 fota
1166 2331 1273 2390 subire
1295 2333 1412 2391 uolunt.

274 2464 306 2484 =
330 2432 398 2492 Til).
423 2432 445 2505 l,
468 2432 688 2504 l,55.53.75.7o
710 2431 759 2489 Me
781 2437 921 2489 retinent
943 2431 1084 2489 vinctum
1105 2434 1266 2507 formosae
1288 2431 1394 2489 oirmlo
1412 2433 1548 2508 puellae.

716 2527 756 2586 Te
778 2528 895 2587 bellare
917 2529 1002 2587 decet
1024 2534 1121 2601 terro,
1146 2528 1291 2600 llicssolo,
1317 2531 1474 2605 morique.

710 2625 772 2683 Hic
793 2646 848 2702 eqo
871 2626 939 2685 dua
959 2628 1114 2703 milesque
1135 2627 1253 2685 botrus:
1276 2629 1458 2705 censique
1480 2629 1633 2706 tubaeque

714 2722 761 2781 Ite
779 2725 902 2800 procul.

145 2825 246 2896 Sagae
268 2822 382 2880 artium
404 2820 650 2896 descriptionem
671 2823 970 2898 exsecrationesque
992 2825 1023 2882 in
1046 2825 1131 2883 illam
1152 2824 1289 2898 prolatas
1308 2825 1486 2884 invenimus
1505 2810 1769 2902 apud'Tibullum
1790 2831 1812 2905 1,
1834 2835 1904 2907 245

146 2937 230 2994 sqq.;
254 2920 274 2992 l,
297 2919 366 2991 nto
387 2934 473 2994 sqq.;
495 2919 531 2990 ll,
553 2919 637 2991 oasa
659 2918 744 2993 apud
766 2920 965 2995 Propertium
987 2922 1022 2993 V,
1043 2923 1078 2994 53
1100 2922 1123 2994 l,
1145 2922 1213 2994 l,l9
1234 2938 1304 2997 sqq.

400 3019 490 3092 Prop.
532 3018 554 3088 I,
576 3018 696 3088 tuane
739 3016 825 3075 Tunc
846 3037 901 3092 eqo
923 3018 1117 3077 crediderim
1139 3019 1225 3077 vobis
1246 3025 1275 3076 et
1296 3019 1405 3077 sidera
1427 3028 1455 3079 et
1477 3040 1589 3081 amices

732 3114 828 3174 Posse
850 3116 996 3189 Cptoinis
1018 3117 1131 3175 dirrare
1153 3115 1358 3177 carminibus.

389 3243 420 3265 =
443 3213 509 3271 Tib.
531 3213 553 3284 Ι,
575 3213 695 3284 amec
736 3211 830 3270 Hanc
852 3228 907 3287 eqo
929 3212 968 3269 de
989 3214 1074 3271 coelo
1097 3213 1264 3272 ducentem
1287 3215 1396 3273 sidera
1417 3216 1496 3292 vidi,

734 3307 897 3367 Fluminis
919 3312 996 3369 lrocc
1018 3311 1129 3386 rapidi
1151 3310 1296 3369 carmine
1316 3313 1412 3372 uertit
1433 3316 1503 3374 iter.

399 3426 491 3499 Prop.
514 3424 535 3496 Ι,
560 3424 626 3496 1,Ι9
730 3422 772 3481 Ar
793 3442 857 3496 uos,
881 3423 1034 3482 deductor.
1056 3425 1168 3500 qrailus
1189 3433 1235 3485 eat
1255 3429 1390 3503 fallacia
1413 3431 1511 3489 lutrae

434 3545 467 3568 =
490 3521 555 3581 Tib.
578 3522 599 3595 l,
621 3521 686 3593 831
732 3519 854 3579 Cautus
875 3529 904 3578 ct
925 3539 941 3579 e
962 3540 1057 3580 curru
1081 3524 1194 3581 loriam
1215 3525 1369 3584 deducere
1391 3533 1499 3588 tentat.

255 3620 398 3692 Carmen,
420 3621 505 3696 quod
527 3620 642 3680 dicitur
662 3624 913 3698 παρακλαυσίθυρον,
935 3622 1018 3697 apud
1040 3620 1198 3682 Tibullum
1219 3630 1304 3684 extat
1326 3626 1348 3698 Ι,
1370 3626 1398 3697 2,
1421 3626 1504 3702 apud
1527 3627 1725 3704 Propertium
1748 3631 1770 3704 l,
1792 3631 1840 3692 17.

360 3717 397 3774 cl.
420 3718 511 3793 Prop.
534 3719 556 3793 Ι,
579 3720 666 3793 17,37
736 3719 776 3778 Te
796 3739 862 3777 non
882 3720 951 3778 ulla
972 3737 1061 3778 nacae
1083 3720 1173 3778 laesit
1191 3724 1375 3797 petulantia
1397 3724 1528 3799 linquae

428 3841 464 3864 ε
490 3817 556 3876 Tib.
579 3818 601 3890 Ι,
622 3819 685 3890 nrt
733 3817 773 3876 Et
797 3818 885 3876 molo
905 3817 998 3894 siquo
1021 3817 1077 3875 libi
1098 3818 1184 3876 diaeit
1206 3819 1368 3880 dementia
1389 3828 1508 3884 nostro.

253 3913 453 3988 Singulorum
476 3930 626 3974 versuum
648 3919 864 3977 elocutionum
884 3919 1114 3977 sententiarum
1137 3916 1217 3978 haec
1238 3919 1368 3980 afferam
1389 3923 1517 3982 similia:

399 4012 492 4087 Prop.
517 4011 568 4085 ΙΙΙ,
589 4014 657 4086 633
730 4014 815 4073 Dum
836 4031 894 4071 noa
920 4013 992 4089 sato
1013 4014 1135 4085 sinunt,
1160 4014 1264 4073 oculos
1285 4017 1437 4076 satiemus
1458 4037 1577 4082 amore.

433 4140 466 4162 =
489 4110 555 4171 Tib.
578 4110 691 4183 1‚t,69
732 4112 860 4171 littorea
883 4111 961 4169 dum
982 4113 1054 4187 fata
1074 4114 1197 4187 sinunt,
1219 4115 1392 4189 iunqamua
1414 4136 1548 4181 amores.

399 4225 490 4300 Prop.
511 4224 670 4299 1V,tt‚33
731 4226 847 4286 Vellera
868 4227 946 4284 dum
969 4225 1080 4303 cupias
1101 4227 1186 4287 albos
1207 4248 1227 4287 a
1248 4232 1347 4307 stirpe
1368 4234 1511 4309 capillos.

434 4346 472 4371 =
494 4321 559 4381 Tib.
582 4324 604 4395 l,
625 4323 695 4396 &45
739 4323 859 4383 Tollere
880 4331 948 4382 tum
970 4342 1049 4382 carru
1070 4331 1114 4384 est
1136 4326 1222 4385 albos
1243 4345 1262 4384 a
1284 4329 1383 4406 stirpe
1405 4333 1546 4408 capillos.

399 4439 491 4514 Prop.
513 4438 548 4512 V,
568 4440 619 4512 6,5
734 4486 741 4498 .
783 4486 791 4502 .
832 4485 840 4500 .
883 4486 890 4501 .
932 4440 1005 4499 date
1026 4446 1055 4500 el
1075 4441 1185 4502 blandi
1208 4445 1290 4503 mihi
1312 4449 1394 4507 turis
1416 4450 1560 4512 bonores.

430 4556 463 4578 =
485 4535 552 4596 Tib.
575 4536 597 4609 l,
619 4537 687 4611 Ἰ,53
729 4584 736 4598 .
777 4584 784 4599 .
827 4583 834 4598 .
877 4583 884 4598 .
925 4537 984 4596 tibi
1006 4538 1079 4598 dem
1100 4542 1183 4599 luris
1204 4543 1347 4605 honores.

400 4650 491 4726 Prop.
515 4652 547 4724 V,
567 4652 638 4726 3,69
731 4701 738 4714 .
780 4699 786 4713 .
829 4699 836 4713 .
880 4702 886 4714 .
928 4672 1077 4714 consona
1098 4657 1230 4732 foedera
1251 4660 1322 4718 lecti

453 4770 486 4792 =
508 4750 574 4809 Tib.
596 4751 618 4824 Ι,
639 4752 688 4825 5,7
730 4799 737 4812 .
780 4798 787 4815 .
829 4799 836 4815 .
874 4772 934 4831 per
954 4761 985 4813 te
1004 4754 1120 4832 furtivi
1140 4756 1273 4832 foedera
1293 4756 1364 4817 lecti
1406 4806 1414 4820 .
1462 4806 1468 4822 .
1514 4806 1521 4822 .
1566 4804 1576 4824 .
1618 4779 1735 4839 quaeso

146 4897 359 4908 ᾗ...

146 5055 225 5122 (da
258 4967 278 5036 ¹)
296 4968 513 5127 {qqukbusium
548 4971 625 5027 bane
656 4974 816 5042 protulisse
847 4977 1051 5033 coniecturam
1087 4977 1237 5033 oblivione
1272 4995 1370 5051 paene
1402 4982 1540 5038 obrutam
1572 4987 1703 5042 metatur
1734 4985 1906 5046 ilusobkius

157 5069 281 5127 e1.p.
338 5101 344 5113 .
