4732 5746
1007 335 1307 396 -sa-·

222 512 328 588 costo
345 527 474 602 placent
495 525 621 601 superis
642 539 704 584 non
726 522 766 582 ad
781 525 932 600 corporis,
953 522 1011 582 sed
1032 523 1072 582 ad
1093 523 1189 584 animi
1209 520 1353 584 habiturn
1367 523 1535 584 referenda
1555 526 1626 585 sint.
1663 524 1726 587 Sed
1749 541 1855 585 nonne
1876 527 1986 598 verba,

222 643 304 703 quae
325 628 510 700 sequuntur,
532 620 683 680 monibus
701 623 796 698 puris
818 607 944 682 abunde
965 621 1081 682 docent
1101 623 1170 681 solo
1192 622 1232 682 de
1254 622 1396 698 corporis
1416 621 1526 684 habitu
1548 623 1622 700 agii
1649 624 1760 700 ltaque
1781 641 1876 686 nemo
1897 629 1986 689 Prot·

223 742 302 785 zeno
327 720 571 796 adstipulabitur
596 718 712 778 dicenti
738 723 820 777 vesle
850 736 889 778 ex
920 718 1138 779 antecedentis
1164 719 1285 794 elegiae
1323 736 1417 779 versu
1443 721 1482 780 27
1514 720 1599 778 hom
1628 739 1732 796 puro
1763 739 1846 779 carm
1877 731 1987 783 ceste

222 839 337 898 separor
357 820 421 880 buc
443 819 618 893 irrepsisse,
640 817 696 877 sed
718 818 890 892 unicuique
918 817 997 876 haec
1043 819 1112 892 ipsa
1139 815 1238 876 verba
1265 817 1457 877 documento
1485 824 1576 877 erunt
1604 823 1686 876 veste
1713 816 1774 878 hoc
1801 821 1871 881 loco
1899 829 1987 883 recte

221 936 293 979 sese
314 918 450 991 habere3
472 917 511 975 cl.
534 922 700 992 praeterea
719 914 757 986 ΙΙ,
779 915 838 988 5,7,
861 914 913 975 ubi
935 922 969 974 ut
991 912 1052 974 hoc
1075 916 1144 974 loco
1166 914 1207 974 de
1229 915 1385 975 sacrificio
1407 915 1602 976 instituendo
1624 916 1723 976 verba
1745 917 1839 978 fiunt:

1032 1032 1119 1071 truite
1140 1013 1276 1070 induere
1298 1020 1437 1070 vestem

616 1111 857 1187 Sepositam,
882 1110 993 1186 leupus
1014 1129 1102 1169 uurtc
1123 1110 1198 1169 bene
1218 1118 1306 1185 pecte
1327 1129 1445 1170 comos.

225 1230 290 1288 Vox
313 1235 418 1288 autem
440 1233 543 1285 costus
558 1244 789 1304 saepenumero
805 1228 845 1287 de
860 1233 991 1288 externa
1005 1229 1114 1302 specie
1129 1228 1253 1300 dicitur,
1267 1229 1356 1287 velut
1371 1225 1462 1288 Ovid.
1478 1228 1604 1288 Metam.
1618 1229 1682 1301 XV,
1697 1229 1757 1289 675
1776 1232 1855 1287 costi
1872 1232 1985 1291 crines.

330 1326 480 1387 Videmus
502 1328 597 1402 igitur
617 1328 649 1387 in
672 1329 829 1402 excerptis
848 1325 910 1386 illis
925 1342 988 1385 non
1003 1326 1107 1385 solum
1130 1332 1212 1385 totos
1226 1341 1340 1384 versus
1361 1327 1410 1403 (ut
1431 1326 1467 1398 ΙΙ,
1488 1326 1574 1400 Ι,Ι9;
1596 1327 1665 1398 6,Ι9
1687 1327 1788 1401 alios),
1811 1328 1868 1388 sed
1890 1331 1986 1390 etiam

224 1427 363 1501 singulas
384 1441 481 1484 voces
503 1425 534 1483 in
556 1438 672 1482 novam
694 1424 836 1497 speciem
858 1424 1024 1482 immutata
1045 1438 1132 1496 esse,
1154 1424 1198 1482 ita
1223 1429 1258 1482 ut
1278 1420 1394 1483 horum
1421 1423 1610 1483 lectionibus
1638 1431 1816 1484 ceterorum
1838 1426 1985 1487 codicum

223 1524 410 1583 testimoniis
432 1540 497 1582 non
518 1521 711 1581 confirmatis
732 1522 818 1581 nulla
839 1538 896 1597 per
915 1536 952 1581 se
972 1520 1140 1580 tribuenda
1160 1522 1201 1580 sit
1222 1522 1403 1582 auctoritas.

329 1620 376 1695 ll)
398 1620 438 1680 ad
460 1637 529 1696 pag.
553 1621 586 1689 7,

329 1721 434 1792 Miror,
457 1718 544 1795 quod
567 1718 766 1778 Teulelins
787 1718 818 1776 in
841 1717 1064 1777 dissertatione
1087 1717 1132 1777 de
1154 1717 1307 1777 Catulli
1328 1716 1472 1778 Tibulli
1493 1719 1691 1795 Propertii
1718 1718 1885 1779 vocibus
1912 1721 1986 1779 sin-

221 1818 425 1895 gularibus
447 1817 628 1892 conscripta
648 1815 838 1874 vocabulum
860 1815 1002 1871 sonticus
1025 1815 1173 1889 neglexit.
1207 1816 1377 1876 Praeterea
1402 1816 1435 1875 in
1462 1816 1675 1891 Propertianis
1697 1817 1828 1876 vocibus
1849 1817 1986 1893 singula-

221 1920 309 1979 ribus
330 1917 523 1977 enumeratis
551 1915 730 1975 desideravi
756 1913 946 1972 vocabulum
974 1914 1099 1988 inferni
1127 1914 1195 1972 solo
1217 1930 1236 1971 a
1257 1914 1421 1988 Propertio
1447 1929 1485 1972 ex
1512 1912 1719 1987 scriptoribus
1747 1914 1839 1975 huius
1873 1918 1986 1976 aetatis

225 2016 413 2076 substantivi
435 2017 533 2074 instar
554 2021 742 2089 usurpatum
769 2028 825 2088 pro
848 2011 960 2086 inferi,
986 2013 1054 2072 scil.
1077 2013 1113 2085 ΙΙ,
1140 2012 1224 2086 Ι,37;
1246 2012 1297 2086 ΙΙΙ,
1318 2013 1397 2086 aas.
1419 2045 1459 2056 -
1480 2012 1548 2084 Qua
1569 2012 1642 2071 data
1664 2015 1832 2072 occasione
1854 2013 1985 2072 deloco

225 2113 363 2189 quodam
394 2112 600 2188 Propertiano
633 2116 795 2188 corrupto,
829 2109 881 2170 ubi
918 2107 979 2169 hoc
1016 2110 1207 2170 vocabulum
1239 2110 1473 2171 restituendum
1505 2126 1577 2170 esse
1608 2110 1684 2170 mihi
1718 2112 1855 2184 videtur,
1887 2111 1985 2171 verba

219 2210 326 2269 lacere
347 2211 449 2270 liceat.
492 2208 646 2269 Exhibent
667 2208 751 2267 enim
774 2207 865 2266 codd.
887 2206 1077 2281 1V‚r,13.ll

707 2321 807 2381 Hoard
829 2323 913 2380 ullos
934 2320 1075 2397 portabis
1098 2340 1169 2397 opes
1191 2322 1378 2380 Acherontis
1401 2321 1444 2380 od
1466 2321 1590 2381 uudos:

708 2420 823 2479 Nudus
845 2420 888 2477 od
909 2420 1109 2495 infernos,
1133 2420 1238 2488 sterile,
1262 2421 1373 2478 vehere
1394 2427 1511 2479 rates.

221 2540 267 2599 Ac
289 2542 426 2616 primum
448 2539 578 2614 quidem
599 2538 764 2597 ollensioni
786 2542 845 2608 est,
867 2535 952 2610 quod
974 2534 1121 2595 hocloco
1143 2535 1257 2595 dicitur
1272 2535 1312 2595 de
1327 2536 1482 2596 ratibus
1496 2536 1634 2608 interme,
1651 2552 1843 2612 quamquam
1858 2538 1985 2598 aliunde

220 2645 421 2713 compertum
444 2653 508 2695 non
530 2635 685 2694 habemus
706 2640 834 2694 veteres
856 2634 990 2709 plures
1012 2639 1096 2693 rates
1123 2633 1182 2692 sibi
1208 2633 1354 2708 finxisse3
1381 2635 1531 2694 nimirum
1557 2652 1639 2694 unus
1666 2641 1714 2694 est
1742 2635 1880 2711 Charon,
1908 2653 1984 2712 crgo

220 2754 284 2796 uua
305 2736 396 2806 ratis3
560 2733 598 2793 ci.
620 2735 712 2809 Prop.
735 2734 786 2805 ΙΙΙ,
807 2733 898 2806 ‘cidi
919 2731 1038 2792 Cernat
1060 2740 1088 2790 et
1111 2733 1297 2807 infernae
1320 2735 1426 2791 tristia
1449 2734 1519 2793 celo
1541 2736 1643 2791 rotis

634 2831 730 2908 Lygd.
752 2834 781 2904 5,
801 2832 892 2892 2324
914 2830 1040 2908 Elysios
1063 2832 1141 2889 oli-m
1163 2830 1256 2888 liceat
1277 2849 1459 2905 cophoscere
1481 2849 1606 2908 compos

919 2928 1199 3005 Lethaeamque
1221 2933 1346 2988 ratem
1369 2929 1619 3005 Cimmeriosque
1641 2932 1738 3004 locris,

221 3062 284 3122 quo
307 3047 377 3105 loco
399 3046 579 3123 Lygdamus
606 3046 827 3106 concinnitatis
854 3061 949 3104 causa
976 3045 1131 3120 pluralem
1161 3062 1329 3105 numerum
1358 3047 1468 3120 procul
1497 3046 1593 3107 dubio
1620 3047 1824 3121 adhibuisset,
1846 3050 1905 3108 nisi
1927 3065 1985 3125 per

220 3145 395 3205 doctrinam
418 3142 662 3222 mythologicam
683 3145 801 3203 vetitus
823 3148 917 3202 esset.
960 3140 1080 3201 Deinde
1101 3141 1162 3202 hoc
1184 3159 1312 3218 quoque
1332 3144 1402 3203 loco
1424 3144 1464 3204 de
1486 3161 1561 3204 una
1588 3152 1656 3205 rate
1678 3146 1875 3222 Propertium
1902 3149 1985 3223 cogi·

219 3248 316 3317 tasse,
339 3242 477 3303 dilucide
498 3243 632 3318 adparet
653 3259 692 3302 ex
714 3243 760 3315 ile,
783 3258 866 3317 quac
887 3247 1066 3316 sequuntur
1092 3238 1195 3299 Victor
1216 3259 1289 3299 cum
1311 3243 1400 3300 victis
1419 3243 1572 3318 pariter
1600 3243 1829 3301 miscebitur
1850 3243 1983 3305 arnrbrr's.

220 3340 331 3417 ltaque
352 3355 426 3400 curn
443 3338 646 3399 Lachmanno
668 3357 732 3399 non
754 3339 1000 3411 consentiemus
1022 3340 1075 3415 qui
1092 3340 1244 3415 pluralem
1259 3357 1425 3400 numerum
1445 3340 1616 3401 defendere
1638 3342 1705 3402 vult
1727 3358 1765 3402 ex
1786 3359 1835 3400 vv.
1858 3342 1893 3414 V,
1915 3343 1985 3416 7‚55

220 3455 289 3513 sqq.
333 3438 412 3499 Cum
434 3438 519 3498 enirn
541 3435 602 3510 bic,
624 3435 677 3496 ubi
698 3436 821 3495 animas
843 3433 1005 3495 vehendas
1027 3435 1171 3512 dispertit
1194 3444 1287 3513 poeta
1308 3439 1340 3497 in
1362 3438 1430 3513 pias
1457 3443 1489 3497 et
1514 3437 1637 3515 impias,
1659 3438 1799 3513 liaberet,
1822 3455 1879 3498 cur
1906 3439 1985 3500 duas

220 3538 279 3597 sibi
302 3535 435 3609 lingeret
456 3544 551 3610 rates,
573 3536 734 3595 communi
755 3535 799 3594 illi
820 3535 998 3595 sententiae
1020 3534 1135 3592 Nudus
1157 3535 1201 3592 od
1223 3536 1244 3594 i.
1266 3553 1289 3594 s.
1312 3555 1339 3594 υ.
1362 3555 1387 3594 r.
1411 3553 1504 3596 nemo
1518 3537 1690 3610 intelleget,
1713 3554 1770 3596 cur
1791 3539 1985 3613 peculiarem

220 3652 312 3695 snam
332 3632 500 3715 inseruerit
522 3635 699 3695 doctrinam
722 3630 978 3708 mythologicam.
1023 3633 1192 3691 Praeterea
1219 3649 1282 3691 non
1309 3648 1437 3708 semper
1463 3640 1588 3708 poetam
1617 3635 1656 3693 de
1683 3633 1806 3693 duabus
1827 3636 1984 3709 cogitasse

220 3730 339 3792 ratibus
367 3745 404 3788 ex
433 3731 579 3805 exemplo
606 3748 702 3805 supra
729 3734 980 3789 commemorato
1008 3730 1213 3789 manifestum
1241 3735 1299 3788 est.
1342 3727 1404 3787 Sed
1432 3729 1591 3789 accedunt
1618 3731 1697 3790 aliae
1726 3731 1917 3791 offensiones
1945 3748 1985 3791 ex

219 3829 449 3889 sententiarum
471 3842 554 3886 nexu
575 3831 702 3902 petitae.
746 3828 899 3900 Quoniam
921 3827 1005 3885 enirn
1028 3828 1133 3887 anima
1153 3827 1284 3884 vehetur
1306 3826 1348 3883 od
1375 3832 1470 3900 rates,
1498 3827 1637 3887 nondum
1666 3828 1813 3889 videlicet
1839 3830 1925 3905 ipsas
1945 3829 1985 3890 ad

220 3933 304 3987 rates
320 3926 509 4002 pervenerit.
546 3925 694 3985 Attamen
714 3942 753 3986 ex
774 3942 870 3985 versu
892 3924 1104 3984 antecedente
1119 3926 1341 3999 cognoscimus
1354 3926 1415 3985 iarn
1430 3925 1469 3985 ad
1485 3925 1592 3983 rendae
1607 3929 1799 4002 peruenisse.
1810 3925 1834 4003 1)
1863 3928 1985 3989 Deinde

220 4033 325 4086 autern
348 4023 509 4099 quomodo
530 4023 636 4081 anima
658 4029 762 4098 potest
782 4023 869 4091 vehi,
901 4024 1084 4098 priusquam
1111 4021 1150 4081 ad
1178 4029 1264 4081 rates
1290 4025 1387 4096 venit,
1412 4023 1527 4098 quibus
1553 4023 1748 4084 veheretur?
1774 4026 1985 4101 Expectamus

221 4127 313 4199 igitur
323 4125 471 4193 animam,
487 4126 656 4196 postquam
671 4121 711 4180 ad
727 4121 828 4180 undas
843 4123 997 4197 pervenit,
1013 4136 1075 4178 non
1089 4119 1128 4177 ad
1145 4126 1231 4179 rates
1254 4121 1400 4193 infernas,
1423 4122 1480 4180 sed
1496 4129 1581 4179 rote
1597 4123 1643 4180 od
1661 4122 1841 4198 infernos
1855 4129 1985 4184 vectum

220 4223 265 4280 iri.
309 4222 366 4281 liic
388 4226 494 4279 autem
517 4233 630 4278 sensus
651 4219 837 4277 restituetur
858 4233 1048 4293 omnesque,
1071 4233 1150 4292 quas
1177 4221 1514 4292 commemoravimus,
1542 4219 1745 4281 difficultates
1772 4222 1936 4295 tollentur,
1958 4224 1986 4282 si

220 4317 441 4390 scripserimus

732 4391 847 4452 Nudus
869 4395 912 4452 od
934 4394 1093 4471 infernos,
1115 4395 1219 4467 stulte,
1243 4395 1354 4453 vehere
1377 4400 1455 4472 rote,

420 4492 459 4550 cf.
481 4492 578 4570 Lygd.
600 4492 700 4567 3,9.10
724 4489 811 4549 Tunc
832 4509 903 4549 cum
920 4510 1089 4567 permenso
1111 4492 1281 4568 destitutus
1303 4495 1444 4568 tempore
1465 4492 1544 4550 hrcis

721 4588 835 4648 llbrdus
856 4589 1027 4648 hethaeo
1048 4607 1175 4665 capere-r
1195 4589 1252 4647 ire
1274 4593 1359 4647 rote

421 4685 473 4743 Sil.
494 4685 560 4744 ital.
586 4687 616 4761 V,
637 4688 696 4749 267
720 4687 820 4758 Quem
862 4732 1216 4748 ........

720 4784 853 4847 Nudum
878 4787 1031 4849 Tartarea
1050 4784 1192 4863 portabit
1211 4787 1325 4844 rtovito
1345 4786 1463 4864 cymba.

331 5062 350 5129 ι)
371 5061 406 5115 ol.
427 5061 611 5130 Hertzbergii
629 5065 788 5118 comment.
808 5077 835 5131 p.
853 5061 914 5121 ΙΙΙ,
