<?xml version="1.0" encoding="UTF-8"?>
<!DOCTYPE html PUBLIC "-//W3C//DTD XHTML 1.0 Transitional//EN"
    "http://www.w3.org/TR/xhtml1/DTD/xhtml1-transitional.dtd">
<html xmlns="http://www.w3.org/1999/xhtml" xml:lang="en" lang="en">
 <head>
  <title>
</title>
<meta http-equiv="Content-Type" content="text/html;charset=utf-8" />
  <meta name='ocr-system' content='tesseract 3.04.00' />
  <meta name='ocr-capabilities' content='ocr_page ocr_carea ocr_par ocr_line ocrx_word'/>
</head>
<body>
  <div class='ocr_page' id='page_1' title='image "./detibullicodicu00widdgoog_0016.png"; bbox 0 0 4732 5746; ppageno 0'>
   <div class='ocr_carea' id='block_1_1' title="bbox 1017 320 1218 381">
    <p class='ocr_par' dir='ltr' id='par_1_1' title="bbox 1017 320 1218 381">
     <span class='ocr_line' id='line_1_1' title="bbox 1017 320 1218 381; baseline 0.015 -19"><span class='ocrx_word' id='word_1_1' title='bbox 1017 320 1218 381; x_wconf 78' lang='lat'>...11-</span> 
     </span>
    </p>
   </div>
   <div class='ocr_carea' id='block_1_2' title="bbox 231 480 1994 585">
    <p class='ocr_par' dir='ltr' id='par_1_2' title="bbox 231 480 1994 585">
     <span class='ocr_line' id='line_1_2' title="bbox 231 480 1994 585; baseline -0.002 -12"><span class='ocrx_word' id='word_1_2' title='bbox 231 510 334 573; x_wconf 86' lang='lat' dir='ltr'>candi.</span> <span class='ocrx_word' id='word_1_3' title='bbox 376 510 442 571; x_wconf 87' lang='lat' dir='ltr'>Iam</span> <span class='ocrx_word' id='word_1_4' title='bbox 467 507 548 569; x_wconf 89' lang='lat' dir='ltr'>baec</span> <span class='ocrx_word' id='word_1_5' title='bbox 574 509 603 570; x_wconf 89' lang='lat' dir='ltr'>si</span> <span class='ocrx_word' id='word_1_6' title='bbox 628 508 808 584; x_wconf 81' lang='lat' dir='ltr'>respexeris</span> <span class='ocrx_word' id='word_1_7' title='bbox 836 508 989 584; x_wconf 81' lang='lat' dir='ltr'>exempla,</span> <span class='ocrx_word' id='word_1_8' title='bbox 1019 507 1138 568; x_wconf 89' lang='lat' dir='ltr'>codicis</span> <span class='ocrx_word' id='word_1_9' title='bbox 1160 506 1185 566; x_wconf 92' lang='lat' dir='ltr'>G</span> <span class='ocrx_word' id='word_1_10' title='bbox 1213 509 1287 585; x_wconf 92' lang='lat' dir='ltr'>quin</span> <span class='ocrx_word' id='word_1_11' title='bbox 1315 480 1559 584; x_wconf 79' lang='lat' dir='ltr'>praeferendum</span> <span class='ocrx_word' id='word_1_12' title='bbox 1585 509 1627 570; x_wconf 91' lang='lat' dir='ltr'>sit</span> <span class='ocrx_word' id='word_1_13' title='bbox 1653 510 1877 584; x_wconf 89' lang='lat' dir='ltr'>testimonium,</span> <span class='ocrx_word' id='word_1_14' title='bbox 1899 510 1994 583; x_wconf 89' lang='lat' dir='ltr'>nulla,</span> 
     </span>
    </p>
   </div>
   <div class='ocr_carea' id='block_1_3' title="bbox 232 605 1509 814">
    <p class='ocr_par' dir='ltr' id='par_1_3' title="bbox 232 605 1509 814">
     <span class='ocr_line' id='line_1_3' title="bbox 232 605 1370 708; baseline -0.013 -36"><span class='ocrx_word' id='word_1_15' title='bbox 232 612 351 689; x_wconf 83' lang='lat' dir='ltr'><strong>opinor,</strong></span> <span class='ocrx_word' id='word_1_16' title='bbox 371 608 429 669; x_wconf 89' lang='lat' dir='ltr'>tibi</span> <span class='ocrx_word' id='word_1_17' title='bbox 448 606 601 668; x_wconf 81' lang='lat' dir='ltr'>residebit</span> <span class='ocrx_word' id='word_1_18' title='bbox 622 605 789 666; x_wconf 80' lang='lat' dir='ltr'>dubitatio:</span> <span class='ocrx_word' id='word_1_19' title='bbox 1301 691 1370 708; x_wconf 62' lang='grc'>.-</span> 
     </span>
     <span class='ocr_line' id='line_1_4' title="bbox 656 692 1509 814; baseline -0.001 -17"><span class='ocrx_word' id='word_1_20' title='bbox 656 737 679 812; x_wconf 90' lang='grc' dir='ltr'>Ι,</span> <span class='ocrx_word' id='word_1_21' title='bbox 700 738 769 810; x_wconf 82' lang='grc' dir='ltr'>4,4Ἰ</span> <span class='ocrx_word' id='word_1_22' title='bbox 792 735 856 795; x_wconf 86' lang='lat' dir='ltr'>Nec</span> <span class='ocrx_word' id='word_1_23' title='bbox 877 743 907 796; x_wconf 87' lang='lat' dir='ltr'>te</span> <span class='ocrx_word' id='word_1_24' title='bbox 924 739 1092 814; x_wconf 82' lang='lat' dir='ltr'>paeniteat</span> <span class='ocrx_word' id='word_1_25' title='bbox 1113 692 1509 798; x_wconf 47' lang='lat' dir='ltr'>elefas—abissefflores</span> 
     </span>
    </p>
   </div>
   <div class='ocr_carea' id='block_1_4' title="bbox 1056 818 1497 896">
    <p class='ocr_par' dir='ltr' id='par_1_4' title="bbox 1056 818 1497 896">
     <span class='ocr_line' id='line_1_5' title="bbox 1056 818 1497 896; baseline 0 0"><span class='ocrx_word' id='word_1_26' title='bbox 1056 818 1497 896; x_wconf 34' lang='lat' dir='ltr'>N-&#39;sf—-x</span> 
     </span>
    </p>
   </div>
   <div class='ocr_carea' id='block_1_5' title="bbox 656 904 1608 981">
    <p class='ocr_par' dir='ltr' id='par_1_5' title="bbox 656 904 1608 981">
     <span class='ocr_line' id='line_1_6' title="bbox 656 904 1608 981; baseline -0.003 -15"><span class='ocrx_word' id='word_1_27' title='bbox 656 905 679 979; x_wconf 99' lang='grc' dir='ltr'>Ι,</span> <span class='ocrx_word' id='word_1_28' title='bbox 699 905 769 978; x_wconf 89' lang='grc'><strong>3,33</strong></span> <span class='ocrx_word' id='word_1_29' title='bbox 789 904 831 964; x_wconf 81' lang='lat' dir='ltr'>At</span> <span class='ocrx_word' id='word_1_30' title='bbox 852 905 935 962; x_wconf 67' lang='lat' dir='ltr'>atilli</span> <span class='ocrx_word' id='word_1_31' title='bbox 958 906 1123 980; x_wconf 77' lang='lat' dir='ltr'>coretiapat</span> <span class='ocrx_word' id='word_1_32' title='bbox 1142 905 1268 981; x_wconf 83' lang='lat' dir='ltr'>patrios</span> <span class='ocrx_word' id='word_1_33' title='bbox 1290 904 1448 962; x_wconf 84' lang='lat' dir='ltr'>celebrare</span> <span class='ocrx_word' id='word_1_34' title='bbox 1469 904 1608 963; x_wconf 79' lang='lat' dir='ltr'>Penates</span> 
     </span>
    </p>
   </div>
   <div class='ocr_carea' id='block_1_6' title="bbox 1004 985 1395 1065">
    <p class='ocr_par' dir='ltr' id='par_1_6' title="bbox 1004 985 1395 1065">
     <span class='ocr_line' id='line_1_7' title="bbox 1004 985 1395 1065; baseline -0.01 1"><span class='ocrx_word' id='word_1_35' title='bbox 1004 985 1395 1065; x_wconf 37' lang='grc' dir='ltr'><em>Ἣ</em></span> 
     </span>
    </p>
   </div>
   <div class='ocr_carea' id='block_1_7' title="bbox 641 1053 1484 1147">
    <p class='ocr_par' dir='ltr' id='par_1_7' title="bbox 641 1053 1484 1147">
     <span class='ocr_line' id='line_1_8' title="bbox 641 1053 1484 1147; baseline -0.001 -17"><span class='ocrx_word' id='word_1_36' title='bbox 641 1071 679 1146; x_wconf 91' lang='grc' dir='ltr'>ΙΙ,</span> <span class='ocrx_word' id='word_1_37' title='bbox 699 1073 749 1145; x_wconf 75' lang='grc'>4,7</span> <span class='ocrx_word' id='word_1_38' title='bbox 793 1068 819 1130; x_wconf 88' lang='lat'><em>0</em></span> <span class='ocrx_word' id='word_1_39' title='bbox 841 1088 896 1146; x_wconf 82' lang='lat' dir='ltr'>epo</span> <span class='ocrx_word' id='word_1_40' title='bbox 918 1088 958 1128; x_wconf 84' lang='lat' dir='ltr'>ae</span> <span class='ocrx_word' id='word_1_41' title='bbox 977 1071 1096 1147; x_wconf 81' lang='lat' dir='ltr'>possim</span> <span class='ocrx_word' id='word_1_42' title='bbox 1120 1069 1199 1128; x_wconf 86' lang='lat' dir='ltr'>tales</span> <span class='ocrx_word' id='word_1_43' title='bbox 1220 1053 1339 1129; x_wconf 69' lang='lat' dir='ltr'>sentire</span> <span class='ocrx_word' id='word_1_44' title='bbox 1361 1070 1484 1129; x_wconf 86' lang='lat' dir='ltr'>dotores</span> 
     </span>
    </p>
   </div>
   <div class='ocr_carea' id='block_1_8' title="bbox 1036 1150 1512 1232">
    <p class='ocr_par' dir='ltr' id='par_1_8' title="bbox 1036 1150 1512 1232">
     <span class='ocr_line' id='line_1_9' title="bbox 1036 1150 1512 1232; baseline 0.002 -39"><span class='ocrx_word' id='word_1_45' title='bbox 1036 1150 1276 1232; x_wconf 53' lang='lat' dir='ltr'>N-—nsf</span> <span class='ocrx_word' id='word_1_46' title='bbox 1509 1188 1512 1194; x_wconf 95' lang='lat'>.</span> 
     </span>
    </p>
   </div>
   <div class='ocr_carea' id='block_1_9' title="bbox 641 1235 1593 1313">
    <p class='ocr_par' dir='ltr' id='par_1_9' title="bbox 641 1235 1593 1313">
     <span class='ocr_line' id='line_1_10' title="bbox 641 1235 1593 1313; baseline -0.004 -15"><span class='ocrx_word' id='word_1_47' title='bbox 641 1237 680 1312; x_wconf 97' lang='grc' dir='ltr'>ΙΙ,</span> <span class='ocrx_word' id='word_1_48' title='bbox 701 1237 772 1311; x_wconf 59' lang='lat' dir='ltr'>&amp;lad</span> <span class='ocrx_word' id='word_1_49' title='bbox 793 1235 974 1295; x_wconf 77' lang='lat' dir='ltr'><strong><em>Praedator</em></strong></span> <span class='ocrx_word' id='word_1_50' title='bbox 995 1237 1084 1313; x_wconf 84' lang='lat' dir='ltr'>capit</span> <span class='ocrx_word' id='word_1_51' title='bbox 1106 1237 1278 1295; x_wconf 78' lang='lat' dir='ltr'>iraneeasos</span> <span class='ocrx_word' id='word_1_52' title='bbox 1300 1236 1444 1295; x_wconf 86' lang='lat' dir='ltr'>obsidere</span> <span class='ocrx_word' id='word_1_53' title='bbox 1465 1255 1593 1312; x_wconf 86' lang='lat' dir='ltr'>campos</span> 
     </span>
    </p>
   </div>
   <div class='ocr_carea' id='block_1_10' title="bbox 1053 1316 1359 1359">
    <p class='ocr_par' dir='ltr' id='par_1_10' title="bbox 1053 1316 1359 1359">
     <span class='ocr_line' id='line_1_11' title="bbox 1053 1316 1359 1359; baseline -0.013 -1"><span class='ocrx_word' id='word_1_54' title='bbox 1053 1316 1359 1359; x_wconf 50' lang='lat' dir='ltr'>N-—s</span> 
     </span>
    </p>
   </div>
   <div class='ocr_carea' id='block_1_11' title="bbox 577 1401 1583 1524">
    <p class='ocr_par' dir='ltr' id='par_1_11' title="bbox 577 1401 1583 1524">
     <span class='ocr_line' id='line_1_12' title="bbox 577 1401 1583 1482; baseline -0.005 -16"><span class='ocrx_word' id='word_1_55' title='bbox 577 1403 675 1482; x_wconf 78' lang='lat' dir='ltr'>Lygd.</span> <span class='ocrx_word' id='word_1_56' title='bbox 696 1402 767 1475; x_wconf 75' lang='grc'><strong>4,65</strong></span> <span class='ocrx_word' id='word_1_57' title='bbox 786 1401 907 1463; x_wconf 77' lang='lat' dir='ltr'>saevas</span> <span class='ocrx_word' id='word_1_58' title='bbox 929 1422 1021 1461; x_wconf 84' lang='lat' dir='ltr'>amor</span> <span class='ocrx_word' id='word_1_59' title='bbox 1043 1403 1151 1461; x_wconf 79' lang='lat' dir='ltr'>docuit</span> <span class='ocrx_word' id='word_1_60' title='bbox 1172 1402 1296 1461; x_wconf 84' lang='lat' dir='ltr'>validos</span> <span class='ocrx_word' id='word_1_61' title='bbox 1318 1410 1442 1461; x_wconf 81' lang='lat' dir='ltr'>tentare</span> <span class='ocrx_word' id='word_1_62' title='bbox 1463 1403 1583 1462; x_wconf 84' lang='lat' dir='ltr'>labores</span> 
     </span>
     <span class='ocr_line' id='line_1_13' title="bbox 1113 1483 1366 1524; baseline -0.004 0"><span class='ocrx_word' id='word_1_63' title='bbox 1113 1483 1366 1524; x_wconf 43' lang='lat' dir='ltr'><em>x—..s</em></span> 
     </span>
    </p>
   </div>
   <div class='ocr_carea' id='block_1_12' title="bbox 227 1534 1994 1915">
    <p class='ocr_par' dir='ltr' id='par_1_12' title="bbox 227 1534 1994 1915">
     <span class='ocr_line' id='line_1_14' title="bbox 230 1534 1994 1616; baseline -0.004 -13"><span class='ocrx_word' id='word_1_64' title='bbox 230 1544 367 1616; x_wconf 87' lang='lat' dir='ltr'>Quorum</span> <span class='ocrx_word' id='word_1_65' title='bbox 394 1539 616 1616; x_wconf 84' lang='lat' dir='ltr'>exemplorum</span> <span class='ocrx_word' id='word_1_66' title='bbox 637 1553 685 1610; x_wconf 90' lang='lat' dir='ltr'>ea,</span> <span class='ocrx_word' id='word_1_67' title='bbox 707 1551 787 1612; x_wconf 89' lang='lat' dir='ltr'>quae</span> <span class='ocrx_word' id='word_1_68' title='bbox 808 1536 901 1594; x_wconf 89' lang='lat' dir='ltr'>tertio</span> <span class='ocrx_word' id='word_1_69' title='bbox 923 1542 953 1596; x_wconf 85' lang='lat' dir='ltr'>et</span> <span class='ocrx_word' id='word_1_70' title='bbox 976 1535 1085 1612; x_wconf 91' lang='lat' dir='ltr'>quinto</span> <span class='ocrx_word' id='word_1_71' title='bbox 1108 1536 1178 1594; x_wconf 91' lang='lat' dir='ltr'>loco</span> <span class='ocrx_word' id='word_1_72' title='bbox 1199 1535 1334 1607; x_wconf 87' lang='lat' dir='ltr'>laudavi,</span> <span class='ocrx_word' id='word_1_73' title='bbox 1357 1551 1395 1594; x_wconf 92' lang='lat' dir='ltr'>eo</span> <span class='ocrx_word' id='word_1_74' title='bbox 1421 1541 1495 1595; x_wconf 86' lang='lat' dir='ltr'>sunt</span> <span class='ocrx_word' id='word_1_75' title='bbox 1517 1534 1720 1608; x_wconf 77' lang='lat' dir='ltr'>evidentiora,</span> <span class='ocrx_word' id='word_1_76' title='bbox 1742 1535 1828 1611; x_wconf 92' lang='lat' dir='ltr'>quod</span> <span class='ocrx_word' id='word_1_77' title='bbox 1855 1542 1994 1597; x_wconf 89' lang='lat' dir='ltr'>metrum</span> 
     </span>
     <span class='ocr_line' id='line_1_15' title="bbox 227 1633 1993 1714; baseline -0.004 -13"><span class='ocrx_word' id='word_1_78' title='bbox 227 1658 290 1702; x_wconf 94' lang='lat' dir='ltr'>non</span> <span class='ocrx_word' id='word_1_79' title='bbox 313 1638 434 1699; x_wconf 90' lang='lat' dir='ltr'>obstitit</span> <span class='ocrx_word' id='word_1_80' title='bbox 458 1641 584 1714; x_wconf 86' lang='lat' dir='ltr'>poetae,</span> <span class='ocrx_word' id='word_1_81' title='bbox 612 1633 778 1710; x_wconf 90' lang='lat' dir='ltr'>quominus</span> <span class='ocrx_word' id='word_1_82' title='bbox 804 1639 939 1707; x_wconf 87' lang='lat' dir='ltr'>utraque</span> <span class='ocrx_word' id='word_1_83' title='bbox 965 1639 1107 1692; x_wconf 88' lang='lat' dir='ltr'>uteretur</span> <span class='ocrx_word' id='word_1_84' title='bbox 1134 1634 1273 1709; x_wconf 91' lang='lat' dir='ltr'>positura</span> <span class='ocrx_word' id='word_1_85' title='bbox 1298 1633 1480 1693; x_wconf 69' lang='lat' dir='ltr'>verborum.</span> <span class='ocrx_word' id='word_1_86' title='bbox 1534 1633 1597 1694; x_wconf 88' lang='lat' dir='ltr'>Sed</span> <span class='ocrx_word' id='word_1_87' title='bbox 1629 1634 1788 1709; x_wconf 85' lang='lat' dir='ltr'>exempla,</span> <span class='ocrx_word' id='word_1_88' title='bbox 1814 1649 1896 1709; x_wconf 91' lang='lat' dir='ltr'>quae</span> <span class='ocrx_word' id='word_1_89' title='bbox 1924 1633 1993 1694; x_wconf 91' lang='lat' dir='ltr'>cod.</span> 
     </span>
     <span class='ocr_line' id='line_1_16' title="bbox 228 1729 1994 1810; baseline -0.005 -10"><span class='ocrx_word' id='word_1_90' title='bbox 228 1739 254 1800; x_wconf 89' lang='lat' dir='ltr'><strong>G</strong></span> <span class='ocrx_word' id='word_1_91' title='bbox 281 1736 342 1799; x_wconf 88' lang='lat' dir='ltr'>boc</span> <span class='ocrx_word' id='word_1_92' title='bbox 369 1737 440 1796; x_wconf 93' lang='lat' dir='ltr'>loco</span> <span class='ocrx_word' id='word_1_93' title='bbox 466 1731 666 1810; x_wconf 90' lang='lat' dir='ltr'>sequendum</span> <span class='ocrx_word' id='word_1_94' title='bbox 696 1746 768 1792; x_wconf 91' lang='lat' dir='ltr'>esse</span> <span class='ocrx_word' id='word_1_95' title='bbox 799 1730 997 1803; x_wconf 81' lang='lat' dir='ltr'>confirmant,</span> <span class='ocrx_word' id='word_1_96' title='bbox 1025 1730 1120 1789; x_wconf 89' lang='lat' dir='ltr'>latius</span> <span class='ocrx_word' id='word_1_97' title='bbox 1148 1736 1265 1804; x_wconf 89' lang='lat' dir='ltr'>patent,</span> <span class='ocrx_word' id='word_1_98' title='bbox 1293 1729 1319 1789; x_wconf 92' lang='lat' dir='ltr'>si</span> <span class='ocrx_word' id='word_1_99' title='bbox 1350 1746 1461 1790; x_wconf 91' lang='lat' dir='ltr'>eorum</span> <span class='ocrx_word' id='word_1_100' title='bbox 1488 1747 1617 1807; x_wconf 90' lang='lat' dir='ltr'>quoquc</span> <span class='ocrx_word' id='word_1_101' title='bbox 1649 1735 1802 1792; x_wconf 89' lang='lat' dir='ltr'>rationem</span> <span class='ocrx_word' id='word_1_102' title='bbox 1827 1730 1994 1807; x_wconf 89' lang='lat' dir='ltr'>babemus,</span> 
     </span>
     <span class='ocr_line' id='line_1_17' title="bbox 228 1827 1986 1915; baseline -0.004 -18"><span class='ocrx_word' id='word_1_103' title='bbox 228 1836 343 1915; x_wconf 90' lang='lat' dir='ltr'>quibus</span> <span class='ocrx_word' id='word_1_104' title='bbox 364 1836 391 1894; x_wconf 90' lang='lat' dir='ltr'>si</span> <span class='ocrx_word' id='word_1_105' title='bbox 412 1849 477 1892; x_wconf 93' lang='lat' dir='ltr'>non</span> <span class='ocrx_word' id='word_1_106' title='bbox 497 1829 597 1904; x_wconf 88' lang='lat' dir='ltr'>verbi,</span> <span class='ocrx_word' id='word_1_107' title='bbox 618 1846 636 1889; x_wconf 86' lang='lat' dir='ltr'>a</span> <span class='ocrx_word' id='word_1_108' title='bbox 657 1846 719 1906; x_wconf 91' lang='lat' dir='ltr'>quo</span> <span class='ocrx_word' id='word_1_109' title='bbox 741 1828 861 1906; x_wconf 84' lang='lat' dir='ltr'>pendet</span> <span class='ocrx_word' id='word_1_110' title='bbox 882 1828 1065 1901; x_wconf 83' lang='lat' dir='ltr'>infinitivus,</span> <span class='ocrx_word' id='word_1_111' title='bbox 1088 1833 1121 1886; x_wconf 88' lang='lat' dir='ltr'>at</span> <span class='ocrx_word' id='word_1_112' title='bbox 1143 1833 1231 1888; x_wconf 90' lang='lat' dir='ltr'>certe</span> <span class='ocrx_word' id='word_1_113' title='bbox 1251 1827 1401 1887; x_wconf 89' lang='lat' dir='ltr'>adiectivi</span> <span class='ocrx_word' id='word_1_114' title='bbox 1424 1829 1492 1887; x_wconf 91' lang='lat' dir='ltr'>solo</span> <span class='ocrx_word' id='word_1_115' title='bbox 1506 1829 1660 1889; x_wconf 87' lang='lat' dir='ltr'>infinitivo</span> <span class='ocrx_word' id='word_1_116' title='bbox 1675 1847 1693 1889; x_wconf 90' lang='lat' dir='ltr'>a</span> <span class='ocrx_word' id='word_1_117' title='bbox 1706 1830 1906 1890; x_wconf 90' lang='lat' dir='ltr'>substantivo</span> <span class='ocrx_word' id='word_1_118' title='bbox 1927 1847 1986 1890; x_wconf 91' lang='lat' dir='ltr'>suo</span> 
     </span>
    </p>
   </div>
   <div class='ocr_carea' id='block_1_13' title="bbox 229 1904 1757 2318">
    <p class='ocr_par' dir='ltr' id='par_1_13' title="bbox 229 1904 1757 2318">
     <span class='ocr_line' id='line_1_18' title="bbox 229 1904 1757 2004; baseline -0.009 -9"><span class='ocrx_word' id='word_1_119' title='bbox 229 1934 367 1995; x_wconf 91' lang='lat' dir='ltr'>seiuncti</span> <span class='ocrx_word' id='word_1_120' title='bbox 389 1930 502 1992; x_wconf 88' lang='lat' dir='ltr'>eadem</span> <span class='ocrx_word' id='word_1_121' title='bbox 522 1932 563 1991; x_wconf 84' lang='lat' dir='ltr'>sit</span> <span class='ocrx_word' id='word_1_122' title='bbox 582 1929 767 2002; x_wconf 82' lang='lat' dir='ltr'>conlocatio,</span> <span class='ocrx_word' id='word_1_123' title='bbox 789 1945 886 2004; x_wconf 85' lang='lat' dir='ltr'>quarn</span> <span class='ocrx_word' id='word_1_124' title='bbox 908 1927 977 1987; x_wconf 86' lang='lat' dir='ltr'>cod.</span> <span class='ocrx_word' id='word_1_125' title='bbox 1000 1926 1026 1986; x_wconf 89' lang='lat' dir='ltr'>G</span> <span class='ocrx_word' id='word_1_126' title='bbox 1049 1925 1186 2000; x_wconf 84' lang='lat' dir='ltr'>exhibet,</span> <span class='ocrx_word' id='word_1_127' title='bbox 1208 1927 1295 1987; x_wconf 87' lang='lat' dir='ltr'>velut</span> <span class='ocrx_word' id='word_1_128' title='bbox 1729 1904 1757 1964; x_wconf 53' lang='grc' dir='ltr'><em>θ</em></span> 
     </span>
     <span class='ocr_line' id='line_1_19' title="bbox 566 2046 1696 2137; baseline -0.002 -15"><span class='ocrx_word' id='word_1_129' title='bbox 566 2061 589 2133; x_wconf 95' lang='grc' dir='ltr'>Ι,</span> <span class='ocrx_word' id='word_1_130' title='bbox 610 2061 696 2134; x_wconf 82' lang='grc' dir='ltr'><strong>10,6Ι</strong></span> <span class='ocrx_word' id='word_1_131' title='bbox 721 2058 773 2120; x_wconf 82' lang='lat' dir='ltr'>Sit</span> <span class='ocrx_word' id='word_1_132' title='bbox 799 2061 877 2118; x_wconf 87' lang='lat' dir='ltr'>satis</span> <span class='ocrx_word' id='word_1_133' title='bbox 905 2078 921 2117; x_wconf 88' lang='lat' dir='ltr'>e</span> <span class='ocrx_word' id='word_1_134' title='bbox 942 2059 1093 2116; x_wconf 76' lang='lat' dir='ltr'>arrerabris</span> <span class='ocrx_word' id='word_1_135' title='bbox 1115 2046 1244 2116; x_wconf 76' lang='lat' dir='ltr'>tenuent</span> <span class='ocrx_word' id='word_1_136' title='bbox 1263 2058 1548 2137; x_wconf 53' lang='lat' dir='ltr'>praescindere)</span> <span class='ocrx_word' id='word_1_137' title='bbox 1569 2067 1696 2122; x_wconf 84' lang='lat' dir='ltr'>uestem.</span> 
     </span>
     <span class='ocr_line' id='line_1_20' title="bbox 567 2146 1482 2268; baseline -0.003 -13"><span class='ocrx_word' id='word_1_138' title='bbox 567 2193 591 2268; x_wconf 96' lang='grc' dir='ltr'>Ι,</span> <span class='ocrx_word' id='word_1_139' title='bbox 612 2194 683 2267; x_wconf 86' lang='grc'><strong>9,30</strong></span> <span class='ocrx_word' id='word_1_140' title='bbox 704 2189 798 2250; x_wconf 79' lang='lat' dir='ltr'>Nunc</span> <span class='ocrx_word' id='word_1_141' title='bbox 816 2191 920 2268; x_wconf 86' lang='lat' dir='ltr'>pudet</span> <span class='ocrx_word' id='word_1_142' title='bbox 942 2191 985 2248; x_wconf 87' lang='lat' dir='ltr'>ad</span> <span class='ocrx_word' id='word_1_143' title='bbox 1008 2146 1357 2266; x_wconf 48' lang='lat' dir='ltr'>reaffiffimbatsse</span> <span class='ocrx_word' id='word_1_144' title='bbox 1374 2192 1482 2268; x_wconf 83' lang='lat' dir='ltr'>pedes.</span> 
     </span>
     <span class='ocr_line' id='line_1_21' title="bbox 1034 2276 1304 2318; baseline -0.019 0"><span class='ocrx_word' id='word_1_145' title='bbox 1034 2276 1304 2318; x_wconf 43' lang='lat' dir='ltr'>f--x</span> 
     </span>
    </p>
   </div>
   <div class='ocr_carea' id='block_1_14' title="bbox 223 2322 1987 3126">
    <p class='ocr_par' dir='ltr' id='par_1_14' title="bbox 223 2322 1987 3126">
     <span class='ocr_line' id='line_1_22' title="bbox 564 2322 1376 2400; baseline -0.007 -14"><span class='ocrx_word' id='word_1_146' title='bbox 564 2325 588 2400; x_wconf 95' lang='grc' dir='ltr'>Ι,</span> <span class='ocrx_word' id='word_1_147' title='bbox 610 2325 679 2399; x_wconf 86' lang='grc' dir='ltr'><strong>Ι,30</strong></span> <span class='ocrx_word' id='word_1_148' title='bbox 700 2323 765 2382; x_wconf 81' lang='lat' dir='ltr'>Aut</span> <span class='ocrx_word' id='word_1_149' title='bbox 785 2324 916 2383; x_wconf 81' lang='lat' dir='ltr'>stimulo</span> <span class='ocrx_word' id='word_1_150' title='bbox 938 2322 1046 2380; x_wconf 87' lang='lat' dir='ltr'>tardos</span> <span class='ocrx_word' id='word_1_151' title='bbox 1069 2323 1265 2397; x_wconf 77' lang='lat' dir='ltr'>increpuisse</span> <span class='ocrx_word' id='word_1_152' title='bbox 1288 2322 1376 2380; x_wconf 69' lang='lat' dir='ltr'>borres</span> 
     </span>
     <span class='ocr_line' id='line_1_23' title="bbox 550 2455 1349 2532; baseline -0.004 -14"><span class='ocrx_word' id='word_1_153' title='bbox 550 2457 588 2532; x_wconf 91' lang='lat'>11,</span> <span class='ocrx_word' id='word_1_154' title='bbox 610 2456 678 2531; x_wconf 66' lang='lat' dir='ltr'>lae</span> <span class='ocrx_word' id='word_1_155' title='bbox 700 2455 799 2515; x_wconf 83' lang='lat' dir='ltr'>Gestit</span> <span class='ocrx_word' id='word_1_156' title='bbox 821 2461 849 2513; x_wconf 88' lang='lat' dir='ltr'>et</span> <span class='ocrx_word' id='word_1_157' title='bbox 871 2462 991 2513; x_wconf 79' lang='lat' dir='ltr'>atroces</span> <span class='ocrx_word' id='word_1_158' title='bbox 1010 2455 1233 2531; x_wconf 81' lang='lat' dir='ltr'>perdomuisse</span> <span class='ocrx_word' id='word_1_159' title='bbox 1254 2458 1349 2515; x_wconf 80' lang='lat' dir='ltr'>uires.</span> 
     </span>
     <span class='ocr_line' id='line_1_24' title="bbox 227 2554 1987 2633; baseline -0.001 -14"><span class='ocrx_word' id='word_1_160' title='bbox 227 2559 294 2619; x_wconf 88' lang='lat' dir='ltr'>Hac</span> <span class='ocrx_word' id='word_1_161' title='bbox 330 2565 438 2619; x_wconf 83' lang='lat' dir='ltr'>autern</span> <span class='ocrx_word' id='word_1_162' title='bbox 469 2575 488 2618; x_wconf 90' lang='lat' dir='ltr'>a</span> <span class='ocrx_word' id='word_1_163' title='bbox 518 2556 750 2618; x_wconf 89' lang='lat' dir='ltr'>consuetudine</span> <span class='ocrx_word' id='word_1_164' title='bbox 783 2561 850 2615; x_wconf 84' lang='lat' dir='ltr'>tam</span> <span class='ocrx_word' id='word_1_165' title='bbox 895 2554 1004 2614; x_wconf 91' lang='lat' dir='ltr'>multis</span> <span class='ocrx_word' id='word_1_166' title='bbox 1041 2554 1196 2629; x_wconf 81' lang='lat' dir='ltr'>exemplis</span> <span class='ocrx_word' id='word_1_167' title='bbox 1232 2554 1387 2614; x_wconf 84' lang='lat' dir='ltr'>illustrata</span> <span class='ocrx_word' id='word_1_168' title='bbox 1427 2554 1512 2630; x_wconf 94' lang='lat' dir='ltr'>quod</span> <span class='ocrx_word' id='word_1_169' title='bbox 1548 2554 1610 2614; x_wconf 91' lang='lat' dir='ltr'>duc</span> <span class='ocrx_word' id='word_1_170' title='bbox 1647 2562 1771 2617; x_wconf 87' lang='lat' dir='ltr'>tantum</span> <span class='ocrx_word' id='word_1_171' title='bbox 1805 2556 1987 2633; x_wconf 87' lang='lat' dir='ltr'>abhorrent,</span> 
     </span>
     <span class='ocr_line' id='line_1_25' title="bbox 223 2657 346 2717; baseline 0.008 -1"><span class='ocrx_word' id='word_1_172' title='bbox 223 2657 346 2717; x_wconf 89' lang='lat' dir='ltr'>scilicet</span> 
     </span>
     <span class='ocr_line' id='line_1_26' title="bbox 658 2749 1535 2827; baseline -0.003 -12"><span class='ocrx_word' id='word_1_173' title='bbox 658 2753 681 2827; x_wconf 93' lang='lat' dir='ltr'>I,</span> <span class='ocrx_word' id='word_1_174' title='bbox 702 2753 772 2826; x_wconf 85' lang='lat' dir='ltr'>l‚50</span> <span class='ocrx_word' id='word_1_175' title='bbox 796 2749 858 2822; x_wconf 82' lang='lat' dir='ltr'>Qui</span> <span class='ocrx_word' id='word_1_176' title='bbox 882 2752 982 2808; x_wconf 74' lang='lat' dir='ltr'>riseris</span> <span class='ocrx_word' id='word_1_177' title='bbox 1004 2757 1032 2808; x_wconf 90' lang='lat' dir='ltr'>et</span> <span class='ocrx_word' id='word_1_178' title='bbox 1055 2751 1159 2808; x_wconf 84' lang='lat' dir='ltr'>tristes</span> <span class='ocrx_word' id='word_1_179' title='bbox 1181 2751 1267 2824; x_wconf 79' lang='lat' dir='ltr'>ferre</span> <span class='ocrx_word' id='word_1_180' title='bbox 1286 2757 1387 2825; x_wconf 85' lang='lat' dir='ltr'>polest</span> <span class='ocrx_word' id='word_1_181' title='bbox 1405 2753 1535 2827; x_wconf 84' lang='lat' dir='ltr'>pluvias</span> 
     </span>
     <span class='ocr_line' id='line_1_27' title="bbox 642 2847 1446 2923; baseline -0.004 -13"><span class='ocrx_word' id='word_1_182' title='bbox 642 2851 679 2919; x_wconf 90' lang='grc' dir='ltr'>ΙΙ,</span> <span class='ocrx_word' id='word_1_183' title='bbox 701 2849 771 2922; x_wconf 88' lang='grc'><strong>3,60</strong></span> <span class='ocrx_word' id='word_1_184' title='bbox 792 2848 846 2908; x_wconf 79' lang='lat' dir='ltr'>lto&#39;</span> <span class='ocrx_word' id='word_1_185' title='bbox 868 2847 994 2906; x_wconf 84' lang='lat' dir='ltr'>selectos</span> <span class='ocrx_word' id='word_1_186' title='bbox 1016 2854 1136 2906; x_wconf 82' lang='lat' dir='ltr'>certent</span> <span class='ocrx_word' id='word_1_187' title='bbox 1153 2847 1307 2923; x_wconf 87' lang='lat' dir='ltr'>praebere</span> <span class='ocrx_word' id='word_1_188' title='bbox 1328 2849 1446 2907; x_wconf 87' lang='lat' dir='ltr'>colores</span> 
     </span>
     <span class='ocr_line' id='line_1_28' title="bbox 227 2947 1987 3023; baseline 0 -11"><span class='ocrx_word' id='word_1_189' title='bbox 227 2952 433 3012; x_wconf 84' lang='lat' dir='ltr'>statuendum</span> <span class='ocrx_word' id='word_1_190' title='bbox 459 2952 519 3012; x_wconf 86' lang='lat' dir='ltr'>erit</span> <span class='ocrx_word' id='word_1_191' title='bbox 545 2949 594 3012; x_wconf 90' lang='lat' dir='ltr'>his</span> <span class='ocrx_word' id='word_1_192' title='bbox 623 2951 700 3010; x_wconf 89' lang='lat' dir='ltr'>locis</span> <span class='ocrx_word' id='word_1_193' title='bbox 727 2948 851 3008; x_wconf 90' lang='lat' dir='ltr'>nonnisi</span> <span class='ocrx_word' id='word_1_194' title='bbox 877 2948 1010 3006; x_wconf 89' lang='lat' dir='ltr'>metrica</span> <span class='ocrx_word' id='word_1_195' title='bbox 1037 2949 1229 3006; x_wconf 82' lang='lat' dir='ltr'>necessitate</span> <span class='ocrx_word' id='word_1_196' title='bbox 1256 2953 1402 3005; x_wconf 88' lang='lat' dir='ltr'>coactum</span> <span class='ocrx_word' id='word_1_197' title='bbox 1429 2954 1555 3023; x_wconf 88' lang='lat' dir='ltr'>poetam</span> <span class='ocrx_word' id='word_1_198' title='bbox 1582 2965 1656 3008; x_wconf 88' lang='lat' dir='ltr'>ase</span> <span class='ocrx_word' id='word_1_199' title='bbox 1686 2947 1881 3011; x_wconf 86' lang='lat' dir='ltr'>discessisse.</span> <span class='ocrx_word' id='word_1_200' title='bbox 1924 2952 1987 3012; x_wconf 88' lang='lat' dir='ltr'>Sed</span> 
     </span>
     <span class='ocr_line' id='line_1_29' title="bbox 227 3034 1985 3126; baseline 0 -16"><span class='ocrx_word' id='word_1_201' title='bbox 227 3049 352 3110; x_wconf 87' lang='lat' dir='ltr'>accedit</span> <span class='ocrx_word' id='word_1_202' title='bbox 372 3049 508 3109; x_wconf 89' lang='lat' dir='ltr'>alterum</span> <span class='ocrx_word' id='word_1_203' title='bbox 530 3052 750 3124; x_wconf 78' lang='lat' dir='ltr'>argumentum</span> <span class='ocrx_word' id='word_1_204' title='bbox 773 3043 865 3104; x_wconf 85' lang='lat' dir='ltr'>huius</span> <span class='ocrx_word' id='word_1_205' title='bbox 886 3046 985 3120; x_wconf 90' lang='lat' dir='ltr'>ipsius</span> <span class='ocrx_word' id='word_1_206' title='bbox 1008 3042 1134 3102; x_wconf 87' lang='lat' dir='ltr'>distichi</span> <span class='ocrx_word' id='word_1_207' title='bbox 1157 3061 1196 3103; x_wconf 86' lang='lat' dir='ltr'>ex</span> <span class='ocrx_word' id='word_1_208' title='bbox 1211 3034 1371 3103; x_wconf 82' lang='lat' dir='ltr'>structura</span> <span class='ocrx_word' id='word_1_209' title='bbox 1393 3048 1571 3122; x_wconf 86' lang='lat' dir='ltr'>repetitum.</span> <span class='ocrx_word' id='word_1_210' title='bbox 1606 3047 1638 3107; x_wconf 91' lang='lat' dir='ltr'>Si</span> <span class='ocrx_word' id='word_1_211' title='bbox 1653 3048 1738 3107; x_wconf 90' lang='lat' dir='ltr'>euim</span> <span class='ocrx_word' id='word_1_212' title='bbox 1753 3049 1822 3107; x_wconf 92' lang='lat' dir='ltr'>cod.</span> <span class='ocrx_word' id='word_1_213' title='bbox 1838 3048 1864 3108; x_wconf 89' lang='lat' dir='ltr'>G</span> <span class='ocrx_word' id='word_1_214' title='bbox 1879 3051 1985 3126; x_wconf 89' lang='lat' dir='ltr'>sequi-</span> 
     </span>
    </p>
   </div>
   <div class='ocr_carea' id='block_1_15' title="bbox 224 3141 1915 3220">
    <p class='ocr_par' dir='ltr' id='par_1_15' title="bbox 224 3141 1915 3220">
     <span class='ocr_line' id='line_1_30' title="bbox 224 3141 1915 3220; baseline 0 -13"><span class='ocrx_word' id='word_1_215' title='bbox 224 3164 304 3220; x_wconf 91' lang='lat' dir='ltr'>mur,</span> <span class='ocrx_word' id='word_1_216' title='bbox 327 3147 465 3207; x_wconf 86' lang='lat' dir='ltr'>maxima</span> <span class='ocrx_word' id='word_1_217' title='bbox 486 3162 560 3206; x_wconf 90' lang='lat' dir='ltr'>eum</span> <span class='ocrx_word' id='word_1_218' title='bbox 587 3147 801 3205; x_wconf 82' lang='lat' dir='ltr'>concinnitate</span> <span class='ocrx_word' id='word_1_219' title='bbox 828 3145 910 3202; x_wconf 90' lang='lat' dir='ltr'>inter</span> <span class='ocrx_word' id='word_1_220' title='bbox 938 3160 974 3202; x_wconf 93' lang='lat' dir='ltr'>se</span> <span class='ocrx_word' id='word_1_221' title='bbox 995 3141 1189 3218; x_wconf 85' lang='lat' dir='ltr'>respondent</span> <span class='ocrx_word' id='word_1_222' title='bbox 1211 3176 1250 3184; x_wconf 97' lang='lat'>—</span> <span class='ocrx_word' id='word_1_223' title='bbox 1272 3141 1302 3201; x_wconf 92' lang='lat' dir='ltr'>id</span> <span class='ocrx_word' id='word_1_224' title='bbox 1332 3142 1416 3216; x_wconf 90' lang='lat' dir='ltr'>quod</span> <span class='ocrx_word' id='word_1_225' title='bbox 1444 3160 1672 3218; x_wconf 86' lang='lat' dir='ltr'>saepenumero</span> <span class='ocrx_word' id='word_1_226' title='bbox 1699 3144 1734 3204; x_wconf 87' lang='lat' dir='ltr'>lit</span> <span class='ocrx_word' id='word_1_227' title='bbox 1757 3181 1795 3191; x_wconf 89' lang='lat'><em>-</em></span> <span class='ocrx_word' id='word_1_228' title='bbox 1816 3148 1915 3207; x_wconf 86' lang='lat' dir='ltr'>verba</span> 
     </span>
    </p>
   </div>
   <div class='ocr_carea' id='block_1_16' title="bbox 222 3240 1397 3316">
    <p class='ocr_par' dir='ltr' id='par_1_16' title="bbox 222 3240 1397 3316">
     <span class='ocr_line' id='line_1_31' title="bbox 222 3240 1397 3316; baseline -0.006 -10"><span class='ocrx_word' id='word_1_229' title='bbox 222 3243 398 3305; x_wconf 82' lang='lat' dir='ltr'>hexametri</span> <span class='ocrx_word' id='word_1_230' title='bbox 458 3288 864 3305; x_wconf 90' lang='grc'><strong>.........</strong></span> <span class='ocrx_word' id='word_1_231' title='bbox 906 3241 1015 3298; x_wconf 64' lang='lat' dir='ltr'>attolles</span> <span class='ocrx_word' id='word_1_232' title='bbox 1057 3240 1188 3297; x_wconf 80' lang='lat' dir='ltr'>coluisse</span> <span class='ocrx_word' id='word_1_233' title='bbox 1254 3240 1397 3316; x_wconf 83' lang='lat' dir='ltr'>capillos.</span> 
     </span>
    </p>
   </div>
   <div class='ocr_carea' id='block_1_17' title="bbox 225 3316 1400 3454">
    <p class='ocr_par' dir='ltr' id='par_1_17' title="bbox 225 3316 1400 3454">
     <span class='ocr_line' id='line_1_32' title="bbox 225 3316 1400 3454; baseline -0.002 -17"><span class='ocrx_word' id='word_1_234' title='bbox 225 3384 256 3437; x_wconf 89' lang='lat' dir='ltr'>et</span> <span class='ocrx_word' id='word_1_235' title='bbox 277 3378 466 3454; x_wconf 81' lang='lat' dir='ltr'>pentametri</span> <span class='ocrx_word' id='word_1_236' title='bbox 510 3422 866 3436; x_wconf 91' lang='grc'><strong>........</strong></span> <span class='ocrx_word' id='word_1_237' title='bbox 922 3317 1063 3431; x_wconf 57' lang='lat' dir='ltr'>altmarus</span> <span class='ocrx_word' id='word_1_238' title='bbox 1079 3316 1272 3449; x_wconf 68' lang='lat' dir='ltr'>di&#39;sposur&#39;sse</span> <span class='ocrx_word' id='word_1_239' title='bbox 1283 3316 1400 3434; x_wconf 65' lang='lat' dir='ltr'>codam.</span> 
     </span>
    </p>
   </div>
   <div class='ocr_carea' id='block_1_18' title="bbox 225 3473 1008 3551">
    <p class='ocr_par' dir='ltr' id='par_1_18' title="bbox 225 3473 1008 3551">
     <span class='ocr_line' id='line_1_33' title="bbox 225 3473 1008 3551; baseline -0.001 -17"><span class='ocrx_word' id='word_1_240' title='bbox 225 3473 366 3536; x_wconf 89' lang='lat' dir='ltr'>Similem</span> <span class='ocrx_word' id='word_1_241' title='bbox 386 3474 542 3536; x_wconf 91' lang='lat' dir='ltr'>babemus</span> <span class='ocrx_word' id='word_1_242' title='bbox 563 3475 804 3551; x_wconf 90' lang='lat' dir='ltr'>responsionem</span> <span class='ocrx_word' id='word_1_243' title='bbox 825 3474 847 3546; x_wconf 90' lang='grc' dir='ltr'>Ι,</span> <span class='ocrx_word' id='word_1_244' title='bbox 868 3474 946 3544; x_wconf 68' lang='lat' dir='ltr'>ddi.</span> <span class='ocrx_word' id='word_1_245' title='bbox 968 3473 1008 3533; x_wconf 78' lang='grc'>48</span> 
     </span>
    </p>
   </div>
   <div class='ocr_carea' id='block_1_19' title="bbox 731 3567 1510 3646">
    <p class='ocr_par' dir='ltr' id='par_1_19' title="bbox 731 3567 1510 3646">
     <span class='ocr_line' id='line_1_34' title="bbox 731 3567 1510 3646; baseline -0.005 -17"><span class='ocrx_word' id='word_1_246' title='bbox 731 3569 845 3629; x_wconf 85' lang='lat' dir='ltr'>Necte</span> <span class='ocrx_word' id='word_1_247' title='bbox 863 3571 1031 3646; x_wconf 70' lang='lat' dir='ltr'>praesideat</span> <span class='ocrx_word' id='word_1_248' title='bbox 1053 3569 1150 3626; x_wconf 78' lang='lat' dir='ltr'>(Irrros</span> <span class='ocrx_word' id='word_1_249' title='bbox 1172 3568 1304 3625; x_wconf 83' lang='lat' dir='ltr'>subiisse</span> <span class='ocrx_word' id='word_1_250' title='bbox 1326 3567 1446 3626; x_wconf 63' lang='lat' dir='ltr'>lectores</span> <span class='ocrx_word' id='word_1_251' title='bbox 1507 3568 1510 3583; x_wconf 74' lang='lat'><strong>¹</strong></span> 
     </span>
    </p>
   </div>
   <div class='ocr_carea' id='block_1_20' title="bbox 814 3644 1496 3783">
    <p class='ocr_par' dir='ltr' id='par_1_20' title="bbox 814 3644 1496 3783">
     <span class='ocr_line' id='line_1_35' title="bbox 814 3644 1496 3783; baseline 0 -22"><span class='ocrx_word' id='word_1_252' title='bbox 814 3703 880 3761; x_wconf 83' lang='lat' dir='ltr'>Aut</span> <span class='ocrx_word' id='word_1_253' title='bbox 902 3721 998 3783; x_wconf 85' lang='lat' dir='ltr'>opera</span> <span class='ocrx_word' id='word_1_254' title='bbox 1020 3646 1162 3761; x_wconf 68' lang='lat' dir='ltr'>insu&#39;etas</span> <span class='ocrx_word' id='word_1_255' title='bbox 1180 3645 1348 3761; x_wconf 61' lang='lat' dir='ltr'>assedisse</span> <span class='ocrx_word' id='word_1_256' title='bbox 1371 3644 1496 3761; x_wconf 67' lang='lat' dir='ltr'>ri&#39;raaas.</span> 
     </span>
    </p>
   </div>
   <div class='ocr_carea' id='block_1_21' title="bbox 220 3799 1984 4762">
    <p class='ocr_par' dir='ltr' id='par_1_21' title="bbox 330 3799 1749 3879">
     <span class='ocr_line' id='line_1_36' title="bbox 330 3799 1749 3879; baseline 0.002 -18"><span class='ocrx_word' id='word_1_257' title='bbox 330 3799 455 3862; x_wconf 89' lang='lat' dir='ltr'>Dehinc</span> <span class='ocrx_word' id='word_1_258' title='bbox 475 3802 711 3879; x_wconf 78' lang='lat' dir='ltr'>progrediemur</span> <span class='ocrx_word' id='word_1_259' title='bbox 731 3801 771 3861; x_wconf 90' lang='lat' dir='ltr'>ad</span> <span class='ocrx_word' id='word_1_260' title='bbox 794 3803 878 3862; x_wconf 87' lang='lat' dir='ltr'>illam</span> <span class='ocrx_word' id='word_1_261' title='bbox 901 3803 1147 3878; x_wconf 86' lang='lat' dir='ltr'>discrepantiam</span> <span class='ocrx_word' id='word_1_262' title='bbox 1169 3799 1422 3872; x_wconf 86' lang='lat' dir='ltr'>discernendam,</span> <span class='ocrx_word' id='word_1_263' title='bbox 1445 3816 1527 3876; x_wconf 89' lang='lat' dir='ltr'>quae</span> <span class='ocrx_word' id='word_1_264' title='bbox 1548 3809 1633 3862; x_wconf 85' lang='lat' dir='ltr'>extat</span> <span class='ocrx_word' id='word_1_265' title='bbox 1655 3804 1677 3877; x_wconf 95' lang='grc' dir='ltr'>Ι,</span> <span class='ocrx_word' id='word_1_266' title='bbox 1699 3805 1749 3877; x_wconf 90' lang='grc'>3,9</span> 
     </span>
    </p>

    <p class='ocr_par' dir='ltr' id='par_1_22' title="bbox 607 3898 1596 3975">
     <span class='ocr_line' id='line_1_37' title="bbox 607 3898 1596 3975; baseline 0 -17"><span class='ocrx_word' id='word_1_267' title='bbox 607 3898 747 3958; x_wconf 79' lang='lat' dir='ltr'>GDetia</span> <span class='ocrx_word' id='word_1_268' title='bbox 779 3919 843 3958; x_wconf 13' lang='lat' dir='ltr'>aaron</span> <span class='ocrx_word' id='word_1_269' title='bbox 875 3918 1030 3974; x_wconf 83' lang='lat' dir='ltr'>usquam,</span> <span class='ocrx_word' id='word_1_270' title='bbox 1066 3919 1148 3975; x_wconf 77' lang='lat' dir='ltr'>qucw</span> <span class='ocrx_word' id='word_1_271' title='bbox 1174 3919 1258 3958; x_wconf 77' lang='lat' dir='ltr'>curri.</span> <span class='ocrx_word' id='word_1_272' title='bbox 1286 3917 1340 3957; x_wconf 85' lang='lat' dir='ltr'>me</span> <span class='ocrx_word' id='word_1_273' title='bbox 1361 3901 1498 3956; x_wconf 84' lang='lat' dir='ltr'>mitteret</span> <span class='ocrx_word' id='word_1_274' title='bbox 1520 3900 1596 3958; x_wconf 84' lang='lat' dir='ltr'>urbe</span> 
     </span>
    </p>

    <p class='ocr_par' dir='ltr' id='par_1_23' title="bbox 220 3997 1984 4762">
     <span class='ocr_line' id='line_1_38' title="bbox 590 3997 1554 4073; baseline 0.001 -3"><span class='ocrx_word' id='word_1_275' title='bbox 590 3997 644 4057; x_wconf 67' lang='lat' dir='ltr'>AV</span> <span class='ocrx_word' id='word_1_276' title='bbox 695 4044 716 4071; x_wconf 76' lang='grc' dir='ltr'>υ</span> <span class='ocrx_word' id='word_1_277' title='bbox 796 4044 816 4069; x_wconf 78' lang='lat' dir='ltr'>rr</span> <span class='ocrx_word' id='word_1_278' title='bbox 942 4044 963 4072; x_wconf 68' lang='lat' dir='ltr'>rr</span> <span class='ocrx_word' id='word_1_279' title='bbox 1099 4045 1120 4071; x_wconf 79' lang='lat' dir='ltr'>r·</span> <span class='ocrx_word' id='word_1_280' title='bbox 1172 4018 1228 4058; x_wconf 74' lang='lat' dir='ltr'>me</span> <span class='ocrx_word' id='word_1_281' title='bbox 1249 4016 1333 4055; x_wconf 55' lang='lat' dir='ltr'>cum</span> <span class='ocrx_word' id='word_1_282' title='bbox 1419 4045 1438 4073; x_wconf 72' lang='lat' dir='ltr'>’r</span> <span class='ocrx_word' id='word_1_283' title='bbox 1533 4045 1554 4071; x_wconf 72' lang='lat' dir='ltr'>rr</span> 
     </span>
     <span class='ocr_line' id='line_1_39' title="bbox 222 4093 1984 4173; baseline 0.004 -18"><span class='ocrx_word' id='word_1_284' title='bbox 222 4095 289 4166; x_wconf 91' lang='lat' dir='ltr'>Quo</span> <span class='ocrx_word' id='word_1_285' title='bbox 319 4096 390 4156; x_wconf 93' lang='lat' dir='ltr'>loco</span> <span class='ocrx_word' id='word_1_286' title='bbox 423 4095 463 4155; x_wconf 88' lang='lat' dir='ltr'>ab</span> <span class='ocrx_word' id='word_1_287' title='bbox 494 4094 641 4155; x_wconf 89' lang='lat' dir='ltr'>omnibus</span> <span class='ocrx_word' id='word_1_288' title='bbox 673 4102 705 4155; x_wconf 88' lang='lat' dir='ltr'>et</span> <span class='ocrx_word' id='word_1_289' title='bbox 735 4094 908 4155; x_wconf 88' lang='lat' dir='ltr'>editoribus</span> <span class='ocrx_word' id='word_1_290' title='bbox 939 4102 971 4155; x_wconf 87' lang='lat' dir='ltr'>et</span> <span class='ocrx_word' id='word_1_291' title='bbox 1001 4095 1225 4170; x_wconf 86' lang='lat' dir='ltr'>interpretibus</span> <span class='ocrx_word' id='word_1_292' title='bbox 1260 4093 1336 4154; x_wconf 88' lang='lat' dir='ltr'>mibi</span> <span class='ocrx_word' id='word_1_293' title='bbox 1373 4103 1421 4154; x_wconf 88' lang='lat' dir='ltr'>est</span> <span class='ocrx_word' id='word_1_294' title='bbox 1453 4096 1681 4156; x_wconf 88' lang='lat' dir='ltr'>dissidendum.</span> <span class='ocrx_word' id='word_1_295' title='bbox 1736 4098 1901 4173; x_wconf 85' lang='lat' dir='ltr'>Atque-</span> <span class='ocrx_word' id='word_1_296' title='bbox 1922 4100 1984 4162; x_wconf 89' lang='lat' dir='ltr'>boe</span> 
     </span>
     <span class='ocr_line' id='line_1_40' title="bbox 222 4192 1980 4276; baseline 0.005 -25"><span class='ocrx_word' id='word_1_297' title='bbox 222 4199 257 4252; x_wconf 89' lang='lat' dir='ltr'>ut</span> <span class='ocrx_word' id='word_1_298' title='bbox 275 4194 384 4254; x_wconf 84' lang='lat' dir='ltr'>statim</span> <span class='ocrx_word' id='word_1_299' title='bbox 406 4210 556 4253; x_wconf 89' lang='lat' dir='ltr'>moneam</span> <span class='ocrx_word' id='word_1_300' title='bbox 577 4200 675 4270; x_wconf 88' lang='lat' dir='ltr'>atque</span> <span class='ocrx_word' id='word_1_301' title='bbox 694 4195 858 4253; x_wconf 87' lang='lat' dir='ltr'>absolvam</span> <span class='ocrx_word' id='word_1_302' title='bbox 874 4229 914 4237; x_wconf 95' lang='lat'><em>-</em></span> <span class='ocrx_word' id='word_1_303' title='bbox 929 4192 1110 4253; x_wconf 83' lang='lat' dir='ltr'>Husehlius</span> <span class='ocrx_word' id='word_1_304' title='bbox 1134 4196 1273 4271; x_wconf 79' lang='lat' dir='ltr'>lleynius</span> <span class='ocrx_word' id='word_1_305' title='bbox 1289 4193 1458 4252; x_wconf 82' lang='lat' dir='ltr'>Muellerus</span> <span class='ocrx_word' id='word_1_306' title='bbox 1474 4201 1602 4269; x_wconf 90' lang='lat' dir='ltr'>propter</span> <span class='ocrx_word' id='word_1_307' title='bbox 1623 4196 1846 4271; x_wconf 84' lang='lat' dir='ltr'>insequentem</span> <span class='ocrx_word' id='word_1_308' title='bbox 1868 4196 1911 4276; x_wconf 88' lang='lat' dir='ltr'>(v.</span> <span class='ocrx_word' id='word_1_309' title='bbox 1928 4199 1980 4274; x_wconf 80' lang='lat'>10)</span> 
     </span>
     <span class='ocr_line' id='line_1_41' title="bbox 225 4291 1982 4372; baseline 0.005 -26"><span class='ocrx_word' id='word_1_310' title='bbox 225 4306 334 4352; x_wconf 87' lang='lat' dir='ltr'>vocem</span> <span class='ocrx_word' id='word_1_311' title='bbox 355 4298 525 4352; x_wconf 69' lang='lat' dir='ltr'>esttecum</span> <span class='ocrx_word' id='word_1_312' title='bbox 547 4293 866 4367; x_wconf 88' lang='lat' dir='ltr'>Dousascripserunt</span> <span class='ocrx_word' id='word_1_313' title='bbox 889 4310 984 4366; x_wconf 62' lang='lat' dir='ltr'>(parm</span> <span class='ocrx_word' id='word_1_314' title='bbox 1010 4310 1066 4367; x_wconf 88' lang='lat' dir='ltr'>pro</span> <span class='ocrx_word' id='word_1_315' title='bbox 1089 4312 1171 4351; x_wconf 72' lang='lat' dir='ltr'>cirin.</span> <span class='ocrx_word' id='word_1_316' title='bbox 1214 4291 1277 4351; x_wconf 84' lang='lat' dir='ltr'>Sed</span> <span class='ocrx_word' id='word_1_317' title='bbox 1299 4292 1365 4366; x_wconf 90' lang='lat' dir='ltr'>ipse</span> <span class='ocrx_word' id='word_1_318' title='bbox 1387 4308 1484 4350; x_wconf 88' lang='lat' dir='ltr'>sonus</span> <span class='ocrx_word' id='word_1_319' title='bbox 1507 4292 1676 4352; x_wconf 82' lang='lat' dir='ltr'>verborum</span> <span class='ocrx_word' id='word_1_320' title='bbox 1704 4312 1856 4368; x_wconf 83' lang='lat' dir='ltr'>usquam</span> <span class='ocrx_word' id='word_1_321' title='bbox 1881 4314 1982 4372; x_wconf 86' lang='lat' dir='ltr'>quae</span> 
     </span>
     <span class='ocr_line' id='line_1_42' title="bbox 224 4390 1982 4467; baseline 0.005 -22"><span class='ocrx_word' id='word_1_322' title='bbox 224 4406 274 4445; x_wconf 85' lang='lat' dir='ltr'>me</span> <span class='ocrx_word' id='word_1_323' title='bbox 295 4406 409 4464; x_wconf 84' lang='lat' dir='ltr'>quom</span> <span class='ocrx_word' id='word_1_324' title='bbox 428 4396 495 4451; x_wconf 86' lang='lat' dir='ltr'>tam</span> <span class='ocrx_word' id='word_1_325' title='bbox 516 4392 655 4467; x_wconf 81' lang='lat' dir='ltr'>graviter</span> <span class='ocrx_word' id='word_1_326' title='bbox 676 4392 748 4450; x_wconf 86' lang='lat' dir='ltr'>ierit</span> <span class='ocrx_word' id='word_1_327' title='bbox 774 4406 876 4462; x_wconf 89' lang='lat' dir='ltr'>aures,</span> <span class='ocrx_word' id='word_1_328' title='bbox 904 4398 937 4449; x_wconf 90' lang='lat' dir='ltr'>ut</span> <span class='ocrx_word' id='word_1_329' title='bbox 958 4393 1056 4450; x_wconf 87' lang='lat' dir='ltr'>talem</span> <span class='ocrx_word' id='word_1_330' title='bbox 1084 4390 1331 4449; x_wconf 88' lang='lat' dir='ltr'>cumulationem</span> <span class='ocrx_word' id='word_1_331' title='bbox 1353 4391 1578 4450; x_wconf 84' lang='lat' dir='ltr'>vocabulorum</span> <span class='ocrx_word' id='word_1_332' title='bbox 1604 4391 1804 4452; x_wconf 88' lang='lat' dir='ltr'>dissonorum</span> <span class='ocrx_word' id='word_1_333' title='bbox 1831 4394 1919 4453; x_wconf 84' lang='lat' dir='ltr'>netas</span> <span class='ocrx_word' id='word_1_334' title='bbox 1939 4395 1982 4455; x_wconf 90' lang='lat' dir='ltr'>sit</span> 
     </span>
     <span class='ocr_line' id='line_1_43' title="bbox 223 4486 1983 4564; baseline 0.004 -19"><span class='ocrx_word' id='word_1_335' title='bbox 223 4486 346 4547; x_wconf 83' lang='lat' dir='ltr'>Tibullo</span> <span class='ocrx_word' id='word_1_336' title='bbox 367 4503 435 4563; x_wconf 89' lang='lat' dir='ltr'>per</span> <span class='ocrx_word' id='word_1_337' title='bbox 454 4490 725 4549; x_wconf 85' lang='lat' dir='ltr'>coniecturam</span> <span class='ocrx_word' id='word_1_338' title='bbox 749 4491 913 4563; x_wconf 84' lang='lat' dir='ltr'>imputare.</span> <span class='ocrx_word' id='word_1_339' title='bbox 958 4489 1046 4547; x_wconf 91' lang='lat' dir='ltr'>Hanc</span> <span class='ocrx_word' id='word_1_340' title='bbox 1073 4496 1181 4548; x_wconf 85' lang='lat' dir='ltr'>autem</span> <span class='ocrx_word' id='word_1_341' title='bbox 1207 4489 1412 4547; x_wconf 80' lang='lat' dir='ltr'>offensionem</span> <span class='ocrx_word' id='word_1_342' title='bbox 1439 4489 1576 4564; x_wconf 68' lang='lat' dir='ltr'>Heraios</span> <span class='ocrx_word' id='word_1_343' title='bbox 1599 4489 1694 4550; x_wconf 85' lang='lat' dir='ltr'>verbo</span> <span class='ocrx_word' id='word_1_344' title='bbox 1716 4490 1915 4552; x_wconf 82' lang='lat' dir='ltr'>substantivo</span> <span class='ocrx_word' id='word_1_345' title='bbox 1938 4500 1983 4552; x_wconf 89' lang='lat' dir='ltr'>est</span> 
     </span>
     <span class='ocr_line' id='line_1_44' title="bbox 220 4582 1980 4668; baseline 0.005 -24"><span class='ocrx_word' id='word_1_346' title='bbox 220 4590 295 4661; x_wconf 93' lang='lat' dir='ltr'>post</span> <span class='ocrx_word' id='word_1_347' title='bbox 315 4603 454 4661; x_wconf 83' lang='lat' dir='ltr'>usquam</span> <span class='ocrx_word' id='word_1_348' title='bbox 475 4587 593 4647; x_wconf 87' lang='lat' dir='ltr'>inserto</span> <span class='ocrx_word' id='word_1_349' title='bbox 616 4588 714 4646; x_wconf 90' lang='lat' dir='ltr'>lenire</span> <span class='ocrx_word' id='word_1_350' title='bbox 735 4586 865 4658; x_wconf 88' lang='lat' dir='ltr'>studuit,</span> <span class='ocrx_word' id='word_1_351' title='bbox 888 4602 984 4660; x_wconf 85' lang='lat' dir='ltr'>quern</span> <span class='ocrx_word' id='word_1_352' title='bbox 1006 4582 1297 4659; x_wconf 76' lang='lat' dir='ltr'>trunuerliebius2)</span> <span class='ocrx_word' id='word_1_353' title='bbox 1325 4592 1454 4645; x_wconf 84' lang='lat' dir='ltr'>secutus</span> <span class='ocrx_word' id='word_1_354' title='bbox 1483 4592 1540 4660; x_wconf 88' lang='lat' dir='ltr'>est,</span> <span class='ocrx_word' id='word_1_355' title='bbox 1562 4604 1656 4661; x_wconf 82' lang='lat' dir='ltr'>„auin</span> <span class='ocrx_word' id='word_1_356' title='bbox 1678 4591 1792 4665; x_wconf 91' lang='lat' dir='ltr'>copula</span> <span class='ocrx_word' id='word_1_357' title='bbox 1813 4591 1853 4650; x_wconf 89' lang='lat' dir='ltr'>ad</span> <span class='ocrx_word' id='word_1_358' title='bbox 1874 4592 1980 4668; x_wconf 88' lang='lat' dir='ltr'>priora</span> 
     </span>
     <span class='ocr_line' id='line_1_45' title="bbox 220 4683 1980 4762; baseline 0.004 -19"><span class='ocrx_word' id='word_1_359' title='bbox 220 4698 351 4759; x_wconf 90' lang='lat' dir='ltr'>quoque</span> <span class='ocrx_word' id='word_1_360' title='bbox 372 4700 439 4741; x_wconf 78' lang='lat' dir='ltr'>reon</span> <span class='ocrx_word' id='word_1_361' title='bbox 460 4683 511 4743; x_wconf 82' lang='lat' dir='ltr'>hic</span> <span class='ocrx_word' id='word_1_362' title='bbox 530 4685 614 4743; x_wconf 71' lang='lat' dir='ltr'>mitti</span> <span class='ocrx_word' id='word_1_363' title='bbox 635 4691 740 4743; x_wconf 63' lang='lat' dir='ltr'>tracter</span> <span class='ocrx_word' id='word_1_364' title='bbox 762 4687 804 4762; x_wconf 85' lang='lat' dir='ltr'>(r.</span> <span class='ocrx_word' id='word_1_365' title='bbox 825 4686 858 4761; x_wconf 89' lang='lat'>5)</span> <span class='ocrx_word' id='word_1_366' title='bbox 881 4691 914 4744; x_wconf 92' lang='lat' dir='ltr'>et</span> <span class='ocrx_word' id='word_1_367' title='bbox 936 4703 998 4742; x_wconf 81' lang='lat' dir='ltr'>noa</span> <span class='ocrx_word' id='word_1_368' title='bbox 1021 4702 1109 4740; x_wconf 80' lang='lat' dir='ltr'>soror</span> <span class='ocrx_word' id='word_1_369' title='bbox 1132 4684 1173 4759; x_wconf 89' lang='lat' dir='ltr'>(v.</span> <span class='ocrx_word' id='word_1_370' title='bbox 1188 4683 1220 4758; x_wconf 77' lang='grc'>7)</span> <span class='ocrx_word' id='word_1_371' title='bbox 1242 4685 1427 4759; x_wconf 82' lang='lat' dir='ltr'>per·tineat.“</span> <span class='ocrx_word' id='word_1_372' title='bbox 1463 4683 1525 4743; x_wconf 87' lang='lat' dir='ltr'>Sed</span> <span class='ocrx_word' id='word_1_373' title='bbox 1541 4686 1677 4761; x_wconf 81' lang='lat' dir='ltr'>primunr</span> <span class='ocrx_word' id='word_1_374' title='bbox 1698 4704 1738 4747; x_wconf 92' lang='lat' dir='ltr'>ne</span> <span class='ocrx_word' id='word_1_375' title='bbox 1758 4687 1980 4749; x_wconf 87' lang='lat' dir='ltr'>desideramus</span> 
     </span>
    </p>
   </div>
   <div class='ocr_carea' id='block_1_22' title="bbox 219 4871 436 4881">
    <p class='ocr_par' dir='ltr' id='par_1_24' title="bbox 219 4871 436 4881">
     <span class='ocr_line' id='line_1_46' title="bbox 219 4871 436 4881; baseline 0 0"><span class='ocrx_word' id='word_1_376' title='bbox 219 4871 436 4881; x_wconf 68' lang='lat' dir='ltr'><strong>n-———</strong></span> 
     </span>
    </p>
   </div>
   <div class='ocr_carea' id='block_1_23' title="bbox 328 4976 1266 5136">
    <p class='ocr_par' dir='ltr' id='par_1_25' title="bbox 328 4976 1266 5136">
     <span class='ocr_line' id='line_1_47' title="bbox 328 4976 1266 5048; baseline -0.001 -16"><span class='ocrx_word' id='word_1_377' title='bbox 328 4976 353 5044; x_wconf 88' lang='lat'>¹)</span> <span class='ocrx_word' id='word_1_378' title='bbox 373 4976 457 5032; x_wconf 86' lang='lat' dir='ltr'>Hanc</span> <span class='ocrx_word' id='word_1_379' title='bbox 475 4978 638 5048; x_wconf 90' lang='lat' dir='ltr'>perbonam</span> <span class='ocrx_word' id='word_1_380' title='bbox 656 4980 720 5032; x_wconf 90' lang='lat' dir='ltr'>cod.</span> <span class='ocrx_word' id='word_1_381' title='bbox 740 4977 763 5030; x_wconf 85' lang='lat' dir='ltr'>G</span> <span class='ocrx_word' id='word_1_382' title='bbox 782 4980 959 5047; x_wconf 86' lang='lat' dir='ltr'>scripturam</span> <span class='ocrx_word' id='word_1_383' title='bbox 978 4976 1141 5044; x_wconf 81' lang='lat' dir='ltr'>genuinam</span> <span class='ocrx_word' id='word_1_384' title='bbox 1160 4978 1266 5031; x_wconf 86' lang='lat' dir='ltr'>iudice.</span> 
     </span>
     <span class='ocr_line' id='line_1_48' title="bbox 328 5064 678 5136; baseline 0 -14"><span class='ocrx_word' id='word_1_385' title='bbox 328 5064 405 5134; x_wconf 78' lang='lat' dir='ltr'>‘lot</span> <span class='ocrx_word' id='word_1_386' title='bbox 425 5067 569 5123; x_wconf 85' lang='lat' dir='ltr'>observat</span> <span class='ocrx_word' id='word_1_387' title='bbox 586 5083 615 5136; x_wconf 93' lang='lat' dir='ltr'>p.</span> <span class='ocrx_word' id='word_1_388' title='bbox 635 5066 678 5122; x_wconf 84' lang='grc'>60.</span> 
     </span>
    </p>
   </div>
   <div class='ocr_carea' id='block_1_24' title="bbox 0 0 2387 5746">
    <p class='ocr_par' dir='ltr' id='par_1_26' title="bbox 0 0 2387 5746">
     <span class='ocr_line' id='line_1_49' title="bbox 0 0 2387 5746; baseline 0 0"><span class='ocrx_word' id='word_1_389' title='bbox 0 0 2387 5746; x_wconf 95' lang='lat' dir='ltr'> </span> 
     </span>
    </p>
   </div>
  </div>
 </body>
</html>
