4732 5746
1021 287 1221 346 ..25-

237 472 386 546 vidimus,
407 480 581 548 utrumque
595 470 684 530 diolci
707 477 738 532 et
759 470 951 532 denteleni
970 478 1085 549 potest,
1104 479 1210 534 temen
1234 479 1283 534 est
1303 475 1431 551 aliquid,
1447 474 1532 536 unde
1551 491 1619 536 rem
1636 475 1861 552 disceptemus.
1899 476 2001 549 Quae-

236 587 363 648 cunque
384 572 469 630 enim
491 568 584 630 huius
605 570 828 630 enuntiationis
854 585 966 629 vocem
992 569 1073 628 tibia
1094 576 1127 631 et
1147 571 1339 631 antecedunt
1366 579 1399 632 et
1425 578 1604 649 sequuntur
1630 564 1783 647 subiecta,
1808 573 1847 634 iis
1867 574 2000 650 singulis

234 670 359 747 singula
384 669 536 730 attributa
561 667 707 744 adposite
731 672 820 728 sunt:
847 666 954 725 varii
981 668 1074 742 flores
1096 701 1136 711 -
1156 666 1247 742 frons
1274 667 1468 728 redimita
1490 703 1527 714 -
1550 670 1660 730 luteo
1677 672 1770 748 pullu
1792 705 1831 716 -
1855 669 1999 749 Tyriae

235 776 332 827 uestes
354 812 482 827 .....
506 767 600 826 levis
621 767 712 826 cisto.
755 764 839 825 Num
860 767 924 825 iam
945 764 1173 840 dubitabimus,
1195 768 1271 842 quin
1294 766 1373 827 tibia
1394 785 1521 846 quoque
1546 786 1658 830 secum
1678 768 1794 831 habeat
1812 770 1998 847 epitheton?

232 869 344 946 Itaque
372 868 477 927 dulcis
502 872 538 927 ut
563 868 748 943 exquisitior
774 872 822 926 est
847 867 1018 942 scriptura,
1046 868 1091 928 ita
1118 867 1343 927 enuntiationis
1370 872 1547 926 structurae
1578 870 1678 944 magis
1704 871 1861 930 convenit.
1903 868 1997 928 Dulci

232 972 341 1027 autern
362 967 481 1027 idcirco
503 982 540 1025 ex
563 967 748 1025 coniectura
768 970 873 1024 ortum
895 980 967 1025 esse
989 972 1075 1041 puto,
1097 966 1183 1042 quod
1205 966 1372 1026 consilium
1397 966 1539 1027 mutandi
1565 967 1598 1027 in
1624 968 1791 1042 propatulo
1817 973 1875 1027 est.
1917 968 1996 1028 Cum

232 1068 319 1127 enim
345 1065 496 1126 subtilem
521 1064 611 1125 illum
636 1081 730 1124 usum
757 1064 898 1139 dicendi,
925 1065 966 1124 de
992 1081 1055 1141 quo
1084 1066 1236 1140 diximus,
1268 1083 1330 1126 non
1361 1065 1439 1125 satis
1465 1065 1660 1142 perspiceret
1685 1063 1847 1139 librarius,
1869 1081 1943 1126 eum
1963 1066 1997 1126 in

231 1165 397 1240 vulgarem
419 1163 514 1224 vertit
534 1177 727 1222 sermonem.

339 1261 427 1323 ldem
448 1262 569 1320 facturn
590 1265 639 1321 est
661 1260 701 1321 de
722 1260 807 1338 Sulp.
830 1267 862 1321 et
884 1262 952 1322 Cer.
976 1280 1038 1322 am.
1058 1265 1143 1338 230,
1165 1263 1218 1324 ubi
1240 1269 1325 1324 extat
1346 1265 1378 1323 in

719 1359 796 1419 AVF
819 1357 912 1419 Casta
930 1378 1025 1437 puer,
1047 1366 1134 1419 casta
1156 1363 1238 1420 retia
1260 1367 1377 1437 tunpe
1398 1378 1511 1419 manat.

739 1455 764 1516 G
848 1504 870 1534 rr
954 1505 977 1533 rr
1018 1452 1023 1479 ι
1074 1504 1097 1532 rr
1182 1506 1204 1533 rr
1261 1456 1376 1518 tende
1431 1503 1452 1532 rr

230 1557 335 1634 Atque
355 1557 494 1635 primum
518 1562 613 1631 tanpe
634 1555 844 1616 confirmatur
864 1557 973 1633 fragm.
1002 1558 1162 1619 Cuiacisni
1187 1557 1377 1618 testimonio.
1426 1555 1546 1615 Deinde
1571 1553 1632 1616 hoc
1660 1572 1787 1632 quoque
1809 1556 1878 1616 loco
1900 1557 1992 1617 codd.

229 1655 282 1715 AV
303 1655 395 1717 lectio
417 1655 558 1733 pulcrior
584 1658 635 1714 est
661 1659 758 1730 etque
785 1655 976 1729 exquisitior.
1025 1656 1214 1716 Rectissime
1241 1655 1327 1715 enim
1354 1653 1428 1713 dicit
1454 1651 1634 1730 Vossius:1)
1661 1660 1775 1730 „tange
1802 1656 1927 1715 stimmt
1953 1671 1992 1716 zu

229 1752 302 1813 dem
323 1752 507 1815 feierlichen
529 1752 626 1825 Tone,
648 1751 711 1811 deu
733 1749 784 1810 die
805 1750 1010 1814 Sobalkhatte
1031 1754 1202 1813 annimmt:
1228 1754 1291 1813 Der
1310 1752 1460 1829 ltingling
1479 1752 1540 1812 soll
1562 1751 1613 1812 die
1636 1751 1692 1812 der
1713 1750 1878 1812 keuscben
1895 1752 1990 1812 Diana

228 1836 365 1927 heiligen
385 1851 484 1911 Netze
504 1848 592 1910 nicht
612 1848 727 1908 anders
748 1849 795 1909 als
816 1850 875 1910 mit
894 1850 1053 1912 keuscher
1077 1851 1166 1912 lland
1193 1849 1363 1911 enrubren.
1406 1850 1464 1910 llie
1490 1850 1631 1911 Glosse
1658 1851 1699 1911 ist
1725 1850 1783 1910 des
1809 1852 1991 1927 gemeine

229 1947 333 2007 tende.
376 1950 424 2008 Ac
444 1964 484 2008 ne
506 1944 682 2023 fleynius2)
705 1947 843 2022 quidem,
864 1950 971 2025 quiin
992 1955 1088 2026 torpe
1109 1949 1249 2023 offendit,
1270 1950 1364 2026 „quia
1385 1950 1464 2009 retis
1491 1948 1577 2008 nulle
1602 1963 1654 2008 res
1679 1965 1771 2009 sacra
1797 1950 1871 2023 sint,
1892 1965 1989 2025 quarn

231 2046 329 2106 castis
350 2052 382 2106 et
407 2045 494 2122 puris
517 2044 664 2105 menibus
690 2044 845 2122 attingere
872 2046 920 2106 las
940 2049 1011 2121 sit,“
1032 2064 1150 2125 negare
1176 2053 1281 2124 potest
1306 2045 1425 2108 habere
1447 2052 1589 2122 torpere,
1614 2047 1698 2122 quod
1714 2046 1847 2124 placeat,
1862 2047 1988 2109 dicens:

228 2158 323 2216 „cum
344 2148 467 2204 castum
494 2160 566 2204 esse
591 2143 668 2204 velit
688 2159 832 2219 puerum,
855 2145 960 2206 dicere
986 2146 1098 2222 potuit:
1126 2162 1215 2206 more
1245 2147 1344 2222 ipsius
1370 2144 1450 2204 deae
1470 2150 1578 2204 castus
1598 2161 1744 2220 maneas,
1769 2151 1803 2205 et
1827 2161 1884 2222 pro
1910 2144 1985 2207 boc:

230 2248 337 2300 cestus
357 2245 451 2317 tange
470 2247 573 2302 tracta
593 2242 702 2302 retia.“
744 2241 835 2302 Hanc
855 2249 963 2303 autern
985 2244 1054 2303 voci
1078 2249 1216 2319 tanpunt
1237 2242 1367 2302 infixam
1382 2244 1447 2303 vim
1461 2242 1701 2303 subtilissimam
1715 2260 1778 2303 non
1792 2246 1989 2321 perspiciens

228 2337 431 2414 interpolator
450 2339 614 2415 vulgarem
635 2340 721 2399 illam
743 2341 956 2400 elocutionem
977 2342 1173 2401 tritissimum
1195 2341 1279 2400 retia
1301 2340 1430 2400 tendere
1439 2337 1465 2416 3)
1486 2341 1661 2417 supposuit.
1670 2337 1698 2418 ⁴)

330 2437 428 2496 Porro
450 2443 538 2496 recte
558 2436 677 2498 iudicat
697 2436 945 2515 Rossbergtustt
967 2438 1008 2499 de
1029 2438 1250 2525 discrepantia
1273 2455 1355 2515 quae
1377 2445 1463 2500 extat
1484 2439 1521 2509 ll,
1542 2438 1596 2513 3‚8

669 2551 723 2613 AV
744 2551 829 2611 nrm
849 2551 996 2629 subiqturt
1016 2554 1137 2613 steriles
1158 2573 1239 2613 arua
1259 2554 1424 2613 serenda
1443 2553 1531 2614 boues

674 2649 700 2710 G
782 2697 800 2723 r·
919 2698 936 2726 rr
1060 2699 1078 2727 rr
1186 2699 1204 2727 rr
1257 2653 1418 2712 colenda
1480 2698 1499 2726 rr

220 2764 275 2825 ubi
295 2765 433 2826 serenda
454 2783 526 2827 eam
547 2766 588 2827 ob
610 2783 740 2827 oausam
762 2774 872 2828 censet
893 2768 1149 2844 praeterendum,
1171 2771 1245 2846 quia
1266 2770 1358 2830 latius
1379 2776 1486 2846 pateat
1507 2775 1539 2828 et
1553 2768 1585 2828 id
1606 2770 1711 2844 ipsum
1732 2769 1897 2845 significet,
1919 2787 1983 2847 quo

221 2863 311 2925 labor
331 2865 484 2925 intendat.
529 2864 638 2923 Colere
667 2883 746 2923 ανυα
773 2872 822 2925 est
849 2866 985 2926 elocutio
1012 2868 1151 2944 vulgaris
1177 2867 1217 2927 ab
1245 2869 1471 2944 interpolatore
1496 2867 1640 2942 prolecta
1665 2867 1718 2944 (cl.
1746 2867 1811 2927 Tib.
1838 2869 1986 2943 1‚10,45;

221 2962 245 3037 Ι,
266 2962 358 3039 531).
400 2964 435 3023 ln
462 2965 642 3024 universum
672 2964 766 3040 igitur
793 2964 988 3024 monendum
1018 2973 1076 3040 est,
1102 2969 1252 3042 quoniam
1279 2973 1311 3027 et
1339 2964 1399 3026 hoc
1426 2971 1457 3025 et
1484 2966 1589 3041 priore
1617 2965 1687 3025 loco
1708 2966 1809 3026 altera
1831 2966 1924 3027 lectio
1947 2986 1986 3028 ex

223 3061 322 3121 altera
342 3061 392 3120 vix
415 3078 471 3136 per
492 3063 724 3138 neglegentiam
745 3069 814 3123 orta
835 3079 908 3123 esse
929 3070 1041 3140 potest,
1069 3066 1168 3125 multo
1195 3066 1317 3124 lucilius
1344 3081 1439 3142 posse
1465 3062 1618 3138 intellegi,
1646 3063 1806 3138 quomodo
1836 3067 1907 3142 quis
1929 3083 1985 3142 pro

223 3162 319 3233 torpe
340 3159 442 3233 tende,
464 3176 520 3236 pro
542 3159 679 3219 serenda
699 3160 832 3219 cobndo
853 3161 1025 3244 scripserit,
1047 3179 1142 3238 quam
1164 3169 1261 3238 tanqu
1282 3169 1314 3222 et
1335 3161 1472 3221 serenda
1493 3177 1551 3237 pro
1573 3160 1666 3219 tende
1685 3167 1718 3219 et
1731 3161 1878 3222 colenda.

327 3256 449 3317 Dehinc
470 3259 688 3335 progredimur
708 3259 748 3318 ad
770 3259 1014 3337 discrepantiam
1036 3261 1287 3334 examinandam,
1309 3276 1392 3336 quac
1413 3265 1498 3319 extat

704 3374 727 3448 1,
748 3375 817 3448 t,33
839 3376 891 3435 AV
912 3376 990 3436 Fris.
1016 3376 1088 3435 Vidi
1111 3379 1179 3435 a'am
1202 3378 1349 3435 iuuenem
1373 3421 1499 3434 .....

847 3471 873 3532 G
1016 3472 1088 3533 Vidi
1104 3475 1252 3549 equium
1284 3520 1302 3548 ‚,

225 3587 328 3663 Atque
349 3604 524 3648 consensus
544 3588 798 3648 testimoniorum
819 3589 913 3650 codd.
930 3589 983 3650 AV
997 3596 1030 3650 et
1050 3597 1190 3667 excerpt.
1207 3592 1337 3667 Frising.
1353 3589 1480 3650 abunde
1495 3589 1591 3649 docet
1603 3589 1672 3647 uidi
1688 3589 1757 3646 ium
1771 3589 1982 3666 antiquiorem

225 3699 297 3745 esse
317 3686 497 3760 lectionem,
518 3688 579 3746 nisi
600 3687 681 3746 forte
701 3686 742 3746 ad
763 3703 834 3747 eam
855 3687 1021 3748 descendit
1042 3689 1211 3765 quisquam
1233 3691 1422 3765 opinionem,
1437 3694 1471 3748 ut
1493 3689 1524 3747 iu
1546 3687 1688 3763 utrisque
1709 3685 1796 3746 libris
1810 3688 1904 3747 simul
1925 3705 1981 3764 epo

223 3798 282 3859 per
300 3786 532 3861 neglegentiam
553 3788 706 3846 omissum
728 3801 799 3846 esse
821 3792 961 3846 censeat.
1005 3786 1068 3847 Sed
1089 3794 1124 3846 ut
1144 3787 1205 3848 hoc
1220 3788 1357 3863 permiro
1372 3785 1539 3846 accidisset
1561 3801 1646 3858 casu,
1668 3785 1712 3844 ita
1725 3785 1873 3846 facillime
1894 3786 1985 3846 intel·

223 3881 285 3958 legi
306 3887 420 3958 potest,
436 3882 596 3958 quomodo
619 3902 674 3960 epo
693 3900 751 3959 per
773 3886 1032 3961 interpolatorem
1057 3885 1179 3946 illatum
1203 3892 1260 3945 est.
1296 3883 1337 3943 Ut
1362 3884 1447 3943 enlm
1472 3889 1597 3943 taceam
1618 3898 1730 3943 versus
1750 3883 1773 3957 Ι,
1794 3883 1914 3957 39133
1935 3882 1984 3945 his

220 3979 399 4040 simillimos
655 3978 742 4039 Vidi
763 4000 845 4059 eqo,
869 3981 925 4059 qui
945 3982 1098 4043 iuuenum
1118 3983 1247 4042 miseros
1270 3983 1394 4041 lusisset
1415 3999 1537 4040 amores

648 4078 725 4138 Post
751 4078 877 4140 Veneris
898 4081 1010 4141 uinclis
1032 4080 1144 4141 abdere
1164 4082 1245 4141 colla
1264 4098 1371 4140 sertem

220 4176 337 4237 librarii
358 4195 416 4238 seu
437 4178 543 4238 auimo
563 4194 621 4238 seu
641 4178 742 4237 oculis
762 4179 896 4240 tortasse
917 4179 1103 4241 obversatus
1124 4198 1206 4253 esse,
1227 4180 1296 4239 vidi
1319 4197 1374 4255 epo
1395 4178 1427 4238 in
1448 4177 1536 4238 initio
1558 4194 1672 4238 versus
1687 4179 1826 4253 positum
1846 4183 1912 4238 tarn
1933 4184 1983 4237 est

221 4275 313 4333 tritus
334 4291 410 4336 usus
433 4277 557 4338 dicendi
579 4284 676 4353 atque
696 4293 798 4352 paene
820 4277 858 4335 ad
880 4279 1048 4339 formulam
1070 4278 1227 4352 redactus
1249 4284 1284 4338 ut
1306 4295 1362 4351 epo
1383 4276 1530 4337 hocloco
1552 4277 1591 4336 ad
1605 4276 1820 4353 supplendum
1833 4275 1983 4336 facillime

333 4593 393 4662 ¹)1.
412 4595 431 4650 l.
450 4610 477 4664 p.
496 4596 558 4651 397.

332 4681 353 4753 ²)
370 4684 486 4739 observ.
505 4700 534 4754 p.
550 4685 611 4741 376.

330 4770 352 4841 ⁸)
371 4774 508 4843 exempla
528 4780 598 4829 sunt
615 4781 761 4832 sexcenta
780 4778 816 4831 ct.
835 4774 1141 4846 0vid.1leroid.5,19;
1161 4772 1256 4844 lupo,
1276 4776 1373 4830 Amor.
1387 4773 1409 4844 1,
1426 4771 1503 4843 8,69;
1523 4774 1584 4829 Art.
1603 4787 1659 4829 am.
1678 4771 1701 4844 1,
1715 4773 1763 4844 453
1778 4762 1899 4830 Remed.
1912 4771 1980 4842 2023

221 4861 339 4938 lietsm.
359 4861 407 4930 lv,
427 4863 494 4923 5122
514 4862 576 4932 Vll,
594 4863 662 4934 7013
682 4863 758 4934 v111,
775 4865 826 4920 331
847 4871 905 4921 etc.

331 4952 353 5022 ⁴)
372 4952 481 5008 Eadem
500 4954 616 5008 ratione
633 4960 731 5009 ortum
751 4956 870 5011 videtur
888 4955 971 5023 Prop.
990 4950 1038 5025 lv,
1057 4951 1117 5023 7,37
1137 4955 1286 5007 tondistr'
1305 4958 1379 5008 retia
1397 4966 1452 5022 pro
1471 4957 1603 5008 nexisti
1621 4953 1657 5007 cf.
1677 4951 1908 5008 Lachmannum

331 5042 353 5111 ὓ)
371 5059 398 5112 p.
419 5043 462 5098 76.

1855 5130 1874 5185 t
