4732 5746
1004 342 1197 401 „37-

328 538 384 598 No.
407 535 445 614 V)
468 535 507 595 ad
530 551 598 611 pag.
625 536 674 595 tt.
2011 610 2015 617 ι

327 637 442 710 ligura
463 632 642 710 anaphorae
663 648 713 691 mr.
735 632 772 705 ll,
793 631 913 705 63:324
934 631 1111 705 interrupto
1136 630 1238 704 prima
1259 633 1309 687 est
1330 644 1440 701 causa,
1462 645 1520 689 cur
1545 627 1701 691 Guilelmo
1731 628 1881 689 Tischero
1909 645 1985 689 oon·

221 734 332 793 cedam
354 731 415 792 hoc
436 730 595 792 distichon
614 731 839 806 interpolatum
860 745 940 790 esse.
983 727 1046 787 Sed
1068 726 1225 786 accedunt
1251 726 1312 785 alia
1339 742 1441 801 eaque
1469 727 1665 801 gravissima.
1709 726 1861 787 Versatur
1891 732 1986 803 poeta

219 835 250 890 in
272 833 339 907 spei
361 832 392 890 vi
415 829 613 902 celebranda,
636 845 718 904 quae
740 829 909 906 plurimum
929 827 1035 887 valeat
1058 828 1089 886 in
1110 826 1206 886 rebus
1228 824 1382 885 humanis.
1425 825 1490 884 lam
1512 825 1689 900 videamus
1711 842 1848 902 quanam
1863 827 1985 887 ratione

221 937 315 1004 poeta
336 934 587 1004 argumentetur.
632 929 678 985 Ac
700 927 845 1001 primum,
872 925 956 1001 quod
984 925 1094 998 adfert,
1122 925 1305 1000 exemplum
1327 926 1403 1000 (vr.
1427 923 1531 999 MT)
1554 940 1592 982 ex
1619 925 1738 984 rustica
1760 925 1824 984 vita
1851 925 1984 1000 petitum

221 1034 280 1099 est,
302 1043 365 1101 qua
387 1026 472 1085 nulla
494 1032 543 1084 est
565 1024 708 1084 laborum
729 1024 851 1099 plenior
874 1025 1036 1100 magisque
1057 1023 1186 1082 incertis
1202 1021 1327 1082 casibus
1342 1028 1374 1080 et
1389 1021 1517 1097 ancipiti
1531 1024 1660 1083 eventui
1681 1022 1833 1082 subiecta.
1869 1022 1984 1081 Terrae

222 1126 315 1196 enim,
338 1140 528 1199 quamquam
551 1123 688 1183 mendax
709 1138 781 1182 esse
801 1129 915 1198 potest,
938 1122 1075 1197 agricola
1095 1123 1218 1181 semina
1239 1120 1339 1180 credit
1361 1119 1517 1192 incertus,
1539 1127 1645 1179 utrum
1675 1137 1750 1195 ager
1770 1137 1808 1180 ea
1830 1125 1924 1195 neget
1945 1136 1985 1178 an

223 1220 347 1294 reddat3
370 1228 509 1280 attamen
532 1228 639 1296 sperat
660 1237 779 1296 raapno
800 1219 933 1294 fraenare
948 1199 1051 1277 solum
1066 1217 1263 1278 reddituram
1279 1233 1351 1277 esse
1371 1218 1503 1276 semina.
1540 1218 1637 1277 Porro
1657 1220 1721 1296 (vr.
1737 1220 1841 1293 9526)
1856 1234 1987 1279 servum

222 1335 284 1377 non
307 1318 401 1378 modo
422 1335 479 1395 per
499 1335 534 1377 se
557 1317 748 1377 laboriosum
771 1333 849 1393 opus
871 1317 977 1376 subire
999 1323 1154 1390 coactum,
1168 1316 1226 1375 sed
1248 1318 1342 1376 etiam
1357 1316 1442 1375 inter
1464 1332 1542 1391 opus
1558 1317 1661 1376 valida
1675 1317 1830 1393 compede
1845 1316 1988 1376 vinctum

222 1415 301 1474 adeo
333 1432 407 1491 spes
439 1420 562 1475 recreat
594 1415 792 1488 relevetque,
824 1419 859 1473 ut
890 1412 983 1472 huius
1018 1414 1153 1472 miserae
1185 1414 1382 1474 condicionis
1414 1429 1544 1488 prorsus
1566 1412 1681 1474 oblitus
1708 1430 1748 1473 ne
1769 1432 1787 1473 a
1809 1414 1986 1474 canendo

221 1513 350 1588 quidem
382 1514 536 1572 desistere
568 1512 675 1587 possit.
724 1511 817 1571 Vides
843 1512 938 1586 igitur
964 1511 1116 1586 exemplis
1148 1526 1243 1584 quam
1276 1510 1470 1586 gravissimis
1502 1509 1650 1570 adhibitis
1676 1518 1771 1587 atque
1797 1513 1987 1587 inutraque

222 1610 356 1670 disticho
384 1609 567 1686 gradatione
594 1609 735 1669 instituta
760 1611 921 1685 ingentem
936 1610 1013 1667 a'im
1045 1607 1114 1684 spei
1147 1609 1321 1669 clarissime
1353 1609 1509 1667 illustrari.
1557 1610 1613 1669 His
1640 1615 1747 1670 autem
1775 1607 1918 1669 distichis
1945 1610 1988 1668 ita

222 1708 412 1785 comparatis
433 1706 539 1782 inepte
560 1708 737 1782 interpositi
758 1712 832 1765 sunt

527 1822 578 1864 vv.
599 1805 689 1865 Tssil
731 1803 817 1861 Haec
840 1804 953 1878 laqueo
975 1804 1128 1874 volucres,
1153 1804 1230 1861 haec
1251 1810 1356 1879 captat
1380 1803 1544 1863 arundine
1563 1805 1677 1881 pisces,

286 1971 292 1991 ι
732 1898 813 1957 Cum
837 1904 945 1957 lenires
966 1900 1078 1957 lraraos
1100 1900 1225 1959 abdidit
1248 1908 1323 1959 artte
1344 1901 1438 1963 cibus,

222 2001 301 2059 Cum
322 2001 407 2059 enirn
430 1997 554 2056 illorum
576 1996 784 2056 distichorum
806 1997 997 2071 pentametri
1011 2000 1100 2073 quasi
1117 2001 1279 2058 cumulum
1296 2001 1480 2061 contineant
1496 2000 1688 2075 gradationis
1710 2008 1806 2076 atque
1829 2000 1860 2060 id
1884 2003 1987 2077 ipsum

223 2099 363 2161 elleraut.
386 2112 448 2172 quo
471 2096 607 2154 nraxlme
629 2096 697 2170 spei
719 2097 766 2153 vis
789 2096 984 2171 depingatur,
1007 2093 1067 2154 hoc
1090 2103 1287 2172 pentametro
1310 2098 1472 2172 docemur,
1488 2116 1551 2174 quo
1574 2099 1668 2158 modo
1683 2099 1787 2175 pisces
1810 2100 1985 2178 capiantur,

220 2196 253 2254 id
275 2197 359 2271 quod
380 2202 448 2254 tum
470 2194 600 2252 demum
622 2193 689 2251 fieri
717 2196 830 2268 possit,
858 2208 932 2252 curu
957 2200 1050 2252 antea
1077 2196 1167 2254 cibus
1193 2193 1305 2254 hamos
1332 2196 1498 2257 abdiderit.
1543 2197 1644 2268 Quem
1674 2196 1801 2257 tandem
1828 2197 1868 2256 ad
1890 2198 1988 2258 finem

221 2293 282 2353 hoc
304 2296 431 2353 omnino
454 2292 577 2364 dicitur,
593 2308 656 2367 quo
676 2292 717 2352 nil
733 2297 838 2368 potest
854 2309 924 2351 esse
946 2293 1095 2367 ineptius!
1123 2292 1202 2364 Quid
1226 2292 1287 2351 hoc
1308 2293 1347 2351 ad
1368 2296 1435 2371 spei
1449 2295 1515 2353 vim
1530 2295 1769 2354 illustrandam‘l
1791 2295 1952 2356 Dissenius
1964 2287 1989 2367 ¹)

222 2393 349 2467 quidem
371 2389 432 2451 hoc
460 2391 534 2450 addi
555 2397 646 2465 putat
667 2397 723 2462 „ut
745 2389 919 2463 intellegas,
941 2405 1037 2464 quam
1060 2392 1187 2450 tenuis
1209 2407 1283 2465 spes
1304 2393 1375 2450 sit.“
1413 2392 1476 2453 Sed
1490 2409 1596 2451 nonne
1617 2389 1680 2452 hoc
1693 2394 1798 2469 ipsum
1819 2397 1875 2454 toti
1898 2411 1989 2471 argu-

219 2492 414 2562 mentationi,
439 2491 470 2548 in
493 2506 556 2564 qua
582 2495 675 2565 poeta
697 2494 856 2562 versatur,
877 2488 1011 2548 adversa
1041 2489 1141 2549 ironte
1162 2489 1337 2564 repugnat‘?
1373 2491 1485 2567 Neque
1516 2491 1601 2550 enim
1632 2491 1907 2553 demonstraturus
1939 2498 1989 2553 est

221 2593 322 2663 poeta,
344 2603 441 2661 quam
462 2602 538 2660 spes
559 2587 599 2643 sit
619 2585 735 2656 tenuis
759 2585 817 2644 sed
839 2603 935 2662 quam
957 2589 997 2647 sit
1020 2587 1109 2646 sortis
1131 2594 1227 2663 atque
1248 2589 1353 2648 valida
1375 2589 1520 2664 quamvis
1543 2587 1639 2647 rebus
1662 2588 1814 2649 adversis.
1858 2588 1990 2649 Accedit

221 2685 353 2744 offensio
375 2684 570 2757 gravissima.
614 2683 692 2742 Cum
716 2684 800 2742 enim
822 2683 853 2742 in
876 2683 1060 2745 hexametro
1083 2686 1125 2764 (r.
1140 2687 1194 2760 93)
1216 2685 1256 2745 de
1277 2689 1413 2762 aucupio
1429 2687 1547 2763 pariter
1559 2702 1597 2745 ac
1613 2686 1652 2745 de
1668 2687 1842 2762 piscatione
1858 2687 1990 2760 dicatur,

222 2781 411 2858 pentametri
434 2781 531 2839 verba
551 2781 691 2840 solorum
715 2782 849 2857 piscium
880 2785 1038 2859 pertinent
1064 2783 1104 2842 ad
1136 2785 1364 2859 captationem
1386 2782 1489 2842 hamis
1516 2799 1631 2858 nempe
1658 2785 1804 2844 volucres
1829 2784 1900 2861 capi
1927 2800 1991 2843 non

220 2880 332 2938 solent.
355 2912 394 2920 -
416 2877 536 2949 Quibus
557 2879 708 2954 expositis
731 2878 861 2939 dubium
883 2897 955 2940 esse
977 2883 1096 2956 nequit,
1119 2883 1194 2957 quin
1216 2880 1248 2942 hi
1269 2897 1383 2941 versus
1405 2881 1445 2940 ab
1473 2881 1701 2957 interpolatore
1722 2883 1861 2958 quodam
1882 2898 1991 2943 crassa

222 2977 364 3036 Minerva
389 2977 499 3035 inserti
524 2977 596 3035 sint.
647 2977 829 3052 Desumpsit
857 2985 964 3038 autern
992 2995 1047 3039 eos
1079 2979 1119 3039 de
1147 2981 1287 3039 carmine
1313 2979 1398 3039 idem
1429 2987 1651 3054 argumentum
1680 2980 1879 3054 continente,
1906 2978 1992 3056 quod

221 3074 356 3149 legimus
378 3073 408 3132 in
431 3072 588 3150 antholog.
612 3075 663 3134 lat.
686 3073 742 3133 No.
762 3067 824 3135 415
846 3075 908 3153 (ed.
931 3076 1048 3151 Riese).
1092 3077 1160 3148 Quo
1188 3078 1219 3136 in
1243 3077 1384 3137 carmine
1407 3092 1480 3135 cum
1502 3075 1677 3135 invenisset
1697 3076 1905 3153 interpolator
1931 3076 1990 3138 hos

220 3187 332 3230 versus
355 3171 472 3249 (TOTl)
777 3170 928 3248 Coptivtts
950 3172 1049 3230 dairas
1072 3172 1130 3232 itta
1151 3175 1270 3232 solartte
1291 3178 1417 3231 cate-nos

777 3268 905 3346 Perfert
929 3276 956 3328 et
978 3270 1078 3329 uictas
1099 3271 1224 3330 vincere
1243 3290 1334 3349 posse
1351 3276 1454 3349 putot.

603 3372 686 3425 etv.
708 3367 744 3426 51
773 3366 898 3443 Sperat,
921 3368 975 3445 qai
997 3386 1091 3428 curvo
1113 3369 1213 3428 satcos
1235 3369 1414 3446 perrumpit
1436 3375 1556 3428 aratro.

222 3464 275 3537 qui
297 3465 416 3524 similes
437 3470 513 3524 sunt
534 3463 646 3524 Tibulli
667 3481 718 3523 vv.
740 3465 831 3527 ί2526
852 3473 884 3525 et
905 3466 1003 3540 thil,
1025 3484 1043 3526 a
1063 3484 1099 3527 se
1121 3468 1291 3543 impetrare
1314 3484 1375 3527 non
1397 3467 1507 3543 potuit,
1528 3466 1587 3526 hos
1603 3483 1730 3543 quoque
1746 3482 1857 3527 versus
1873 3466 1989 3547 (5354)

540 3561 617 3638 Spes
639 3562 743 3621 tramis
762 3565 872 3639 pisces,
894 3565 1005 3641 laqueo
1027 3570 1155 3641 captare
1177 3567 1315 3623 scitiores

542 3659 670 3721 Erudit.

219 3754 293 3814 huic
316 3755 435 3830 elegiae
457 3756 650 3818 Tibullianae
675 3776 714 3820 ue
735 3760 916 3820 inculcaret.

1125 4023 1289 4030 --——--

327 4208 397 4270 NB.
420 4209 499 4269 Sero
518 4226 578 4287 per
602 4210 721 4268 iudices
743 4212 871 4286 cognovi
895 4213 1113 4274 Itothsteiiacot
1143 4219 1171 4273 et
1193 4215 1420 4274 Leotilrdrduot
1447 4217 1522 4274 item
1544 4215 1581 4273 de
1606 4213 1720 4274 Tibulli
1742 4214 1900 4275 codicibus
1921 4215 1988 4274 dis-

217 4311 354 4381 putosse‚
377 4326 513 4384 quorum
536 4307 681 4367 virosam
702 4308 867 4369 doctorum
888 4312 1124 4372 dissertationes
1146 4313 1226 4372 mihi
1249 4314 1355 4373 adlruc
1375 4332 1440 4373 noa
1461 4318 1537 4372 sicat
1555 4320 1693 4390 pritesto.

224 4992 437 5000 ——-.—-—

335 5059 356 5128 ι)
375 5065 534 5116 comment.
553 5076 581 5129 p.
598 5059 651 5116 307
