4732 5746
1271 309 1470 370 -q4..

490 491 614 552 silentio
636 492 868 573 praetereunda
889 499 965 567 erat,
987 496 1041 570 qui
1066 495 1138 556 ideo
1164 493 1268 569 vipent
1296 495 1379 556 bene
1406 495 1562 572 quadrare
1588 494 1766 569 contendit,
1787 495 1872 573 quod
1892 496 1975 555 inter
1995 511 2030 554 se
2051 499 2252 570 opponantur

489 589 595 665 vipent
615 596 648 649 et
668 588 756 664 situs,
777 592 867 667 vigor
888 607 1046 668 ususque
1066 592 1258 654 rusticorum
1279 595 1561 655 instrumentorum
1583 601 1615 655 θῖ
1635 611 1796 655 armorum
1815 594 1957 657 inertia

722 689 762 749 cf.
784 687 873 749 Ovid.
895 689 977 750 Fast.
1001 690 1034 764 V,
1054 691 1114 752 279
1137 690 1248 750 Cetera
1269 693 1420 751 luxuriae
1440 691 1586 751 nondum
1607 690 1820 751 instrumenta
1842 689 2031 767 aipehant.

488 785 592 847 Nihilo
613 793 721 848 tamen
742 788 841 849 setius
862 787 965 848 nitent
987 787 1140 849 Ovidiano
1160 775 1214 851 illo
1236 793 1383 867 exemplo
1404 791 1627 852 confirmatum
1649 789 1893 866 praeferendum
1920 786 1996 849 mihi
2016 787 2152 860 ridetur,
2174 786 2251 862 quia

488 881 569 945 haee
592 901 719 962 quoque
742 888 895 962 oppositio
916 887 1016 947 verbo
1037 889 1142 946 nitent
1162 890 1281 965 optime
1303 890 1498 966 exprimitur.
1540 888 1620 960 Quid
1649 887 1758 948 enim‘l
1784 887 1897 948 Nonne
1924 888 2030 948 nitor
2055 885 2253 946 instrumen-

486 991 593 1051 torum
615 986 806 1045 rusticorum
825 986 1031 1062 gravissimus
1053 993 1101 1046 est
1122 986 1213 1047 testis
1234 988 1285 1048 vel
1306 990 1444 1049 maximo
1465 988 1612 1048 illaesae
1634 988 1664 1045 in
1686 985 1768 1046 usu‘l
1792 985 1946 1062 Exemplo
1972 984 2125 1058 Qridiano
2150 998 2251 1059 supra

487 1082 616 1143 laudato
637 1082 698 1143 hoe
720 1082 801 1143 addo
823 1083 1080 1144 efficacissimum
1188 1085 1295 1144 Amor.
1316 1084 1339 1158 I,
1360 1084 1480 1159 8,5t.5e
1521 1085 1606 1143 Aera
1626 1084 1753 1143 nitent
1773 1101 1834 1142 usu
1856 1128 2100 1145 .........

1191 1181 1369 1240 Canescunt
1388 1181 1475 1260 turpi
1496 1187 1574 1241 tecta
1596 1182 1705 1241 relicta
1724 1181 1798 1242 situ.

487 1280 597 1356 Itaque
617 1280 732 1353 nitent,
756 1282 873 1359 quippe
895 1282 978 1358 quod
1001 1300 1064 1341 non
1086 1282 1181 1342 modo
1209 1285 1440 1360 oppositionem
1466 1285 1635 1354 contineat,
1657 1299 1738 1358 quae
1765 1289 1815 1341 est
1838 1282 2123 1342 instrumentorum
2149 1281 2246 1339 rusti·

487 1394 599 1438 corum
626 1381 794 1469 nitorem
821 1381 904 1441 inter
935 1387 967 1440 et
996 1397 1141 1440 amorum
1173 1382 1369 1457 squalorem,
1395 1381 1453 1442 sed
1485 1383 1581 1441 etiam
1613 1380 1874 1456 significationem
1899 1380 1989 1441 verbi
2016 1380 2123 1454 ripert
2149 1378 2249 1439 simul

487 1478 818 1553 complectens-usum
841 1479 1037 1553 strigorem
1059 1480 1213 1553 exprimat
1234 1481 1397 1555 oppositos
1419 1478 1549 1539 inertiae
1577 1496 1748 1552 armorum,
1771 1486 1801 1539 et
1829 1480 1869 1538 ob
1897 1476 1977 1539 haec
2002 1479 2126 1538 interna
2152 1493 2249 1552 argu·

487 1585 596 1638 menta
617 1584 648 1638 θῖ
669 1582 799 1654 propter
825 1584 955 1637 externa
980 1578 1033 1637 illa
1059 1577 1240 1638 testimonia
1268 1578 1360 1654 longe
1386 1577 1629 1653 praeferendum
1655 1583 1713 1637 est.
1760 1573 1872 1652 Vipent
1897 1583 2004 1636 autem
2031 1575 2252 1651 interpolatori

485 1675 690 1741 tribuendum
711 1676 779 1749 erit,
795 1676 848 1752 qui
862 1675 996 1735 verbum
1011 1692 1069 1735 suo
1084 1677 1115 1735 in
1130 1679 1303 1754 exemplari
1318 1686 1499 1754 corruptum
1516 1694 1573 1753 pro
1588 1677 1667 1736 virili
1682 1683 1770 1753 parte
1791 1678 1984 1753 periclitatus
2000 1683 2048 1736 est
2062 1673 2249 1735 emendare.

594 1773 807 1850 Quaecunque
828 1775 921 1850 igitur
950 1773 1055 1833 adhuc
1083 1776 1404 1835 commemoravimus
1431 1775 1762 1852 interpolationes
1789 1775 1868 1836 eod.
1896 1774 1923 1835 G
1949 1776 2002 1834 ita
2028 1780 2116 1834 sunt
2144 1788 2248 1833 com-

486 1878 660 1949 paratae,
683 1872 827 1948 quibus
848 1872 1034 1933 librarius
1056 1874 1195 1935 menda
1222 1877 1436 1951 exemplari
1462 1892 1531 1936 suo
1557 1873 1807 1935 inhaerentia
1833 1875 1992 1952 proprio
2019 1873 2145 1933 Marte
2170 1878 2252 1932 stu·

485 1971 616 2031 duerit
636 1987 784 2043 sanare.

593 2069 767 2129 Alterum
798 2070 1155 2145 interpolationum
1187 2088 1307 2146 genus
1347 2073 1403 2132 eis
1442 2068 1774 2148 deprehendimus
1806 2072 1918 2146 locis,
1950 2069 2092 2151 quibus
2126 2068 2253 2129 inter·

486 2168 654 2244 potator,
676 2184 759 2227 eum
781 2169 818 2227 in
840 2167 974 2228 verbis
995 2168 1159 2228 traditis
1180 2185 1383 2245 perperam
1406 2169 1641 2245 ostenderet,
1668 2170 1943 2247 corrigendum
1965 2185 2057 2230 esse
2078 2169 2249 2245 putavit.

592 2266 687 2326 Cuius
708 2266 754 2325 rei
775 2266 1061 2327 luculentissimum
1084 2265 1238 2327 habemus
1259 2268 1441 2343 exemplum

698 2391 736 2464 11,
756 2390 823 2466 6:21
847 2391 901 2450 Av
922 2388 1029 2467 (Fris,
1055 2390 1139 2468 Par.)
1159 2390 1238 2470 Spes
1274 2393 1334 2451 alit
1370 2395 1543 2469 apricolos,
1568 2411 1650 2470 spes
1672 2393 1768 2451 sulcis
1790 2391 1891 2451 credit
1913 2391 2016 2450 aratis

829 2488 874 2548 -G
1182 2537 1203 2564 ‚,
1290 2537 1311 2563 „
1446 2538 1469 2564 „
1579 2499 1612 2549 et
1715 2537 1737 2563 „
1835 2536 1843 2564 ,
1955 2537 1978 2563 „

484 2607 537 2669 ubi
559 2607 650 2668 codd.
671 2606 725 2667 AV
756 2605 850 2666 lectio
876 2623 938 2666 non
965 2609 1069 2667 solum
1096 2608 1285 2667 testimoniis
1312 2608 1443 2666 aliorum
1479 2606 1631 2668 librorum
1657 2609 1734 2667 satis
1760 2622 1920 2683 superque
1945 2605 2156 2678 confirmatur,
2180 2603 2238 2663 sed

485 2708 579 2767 etiam
599 2708 694 2766 unice
716 2722 791 2766 vera
813 2712 863 2765 est
876 2712 1006 2782 propter
1026 2722 1121 2765 usum
1141 2707 1231 2766 illum
1252 2707 1460 2779 tritissimum,
1482 2722 1544 2782 quo
1566 2712 1679 2782 poetae
1700 2707 1829 2783 elegiaci
1855 2722 1955 2765 unum
1975 2704 2123 2780 idemque
2141 2717 2231 2760 voca·

482 2805 593 2866 bulum
614 2806 836 2882 gravissimum
858 2820 921 2862 non
941 2803 1046 2864 solum
1067 2805 1099 2864 in
1120 2805 1208 2864 initio
1229 2820 1390 2877 ramnum,
1419 2805 1475 2865 sed
1502 2805 1596 2865 simul
1622 2805 1717 2865 etiam
1743 2806 1826 2864 intra
1853 2803 1995 2864 eiusdem
2021 2818 2135 2862 versus
2158 2799 2236 2861 lines

482 2909 646 2980 repetunt3
668 2908 704 2963 ut
723 2917 822 2961 unum
844 2901 974 2960 aiteram
996 2903 1187 2978 exemplum,
1209 2902 1344 2978 legimus

822 3061 824 3065 ,
855 3019 878 3092 1,
898 3018 965 3093 aot
1099 3015 1257 3093 Pauper
1279 3019 1338 3076 erit
1356 3022 1484 3093 praesto
1508 3063 1514 3075 .
1537 3063 1543 3075 .
1567 3063 1573 3075 .
1592 3033 1749 3092 pauper
1770 3013 1872 3075 adibit

929 3119 969 3180 63
1102 3114 1262 3191 Pauper
1284 3158 1800 3175 ..................

928 3217 968 3278 65
1096 3214 1254 3292 Pauper
1284 3256 1796 3274 ..................

481 3335 690 3411 Interpolator
709 3339 833 3405 autem,
855 3333 905 3391 eui
927 3333 958 3390 in
979 3349 1009 3391 r.
1030 3331 1067 3393 tt
1091 3349 1160 3407 spes
1182 3332 1328 3390 iteratum
1351 3328 1549 3405 displicuisse
1570 3329 1704 3402 videtur,
1726 3326 1818 3388 huius
1833 3329 1921 3388 vocis
1934 3328 2005 3389 vice
2019 3335 2049 3387 et
2062 3327 2247 3389 inculcavit.
2321 3362 2325 3373 ·

481 3430 652 3491 Praeterea
683 3431 799 3490 miram
825 3428 987 3503 censebis,
1015 3429 1101 3506 quod
1127 3427 1297 3505 anaphora,
1319 3444 1401 3504 quae
1423 3427 1551 3500 dicitur,
1573 3443 1623 3486 vv.
1651 3426 1690 3488 23
1711 3433 1744 3486 θῖ
1769 3426 1810 3486 et
1836 3442 1965 3503 prorsus
1990 3427 2250 3503 interrumpitur,

481 3528 585 3605 quade
605 3544 640 3588 re
660 3526 771 3588 videas
792 3528 873 3586 inira
893 3544 924 3603 p.
943 3527 984 3588 37
1004 3527 1064 3587 sub
1086 3525 1141 3586 No.
1157 3526 1191 3585 V.

587 3627 684 3686 Porro
706 3626 840 3701 legimus
861 3624 884 3697 1,
906 3624 973 3698 ‘lli
995 3626 1026 3684 in

946 3722 999 3782 AV
1020 3721 1062 3780 Et
1086 3720 1202 3798 Tyriae
1223 3729 1320 3781 vestes
1342 3730 1369 3781 et
1392 3722 1520 3780 duleis
1543 3722 1623 3780 tibia
1644 3729 1743 3781 cautu

958 3820 1051 3894 G„
1137 3867 1157 3894 rr
1257 3867 1278 3896 ti
1340 3821 1494 3894 „dulei
1577 3868 1599 3894 rr
1685 3868 1706 3892 rr

479 3942 583 4017 Atque
614 3947 748 4016 utraque
779 3939 872 3999 lectio
904 3940 976 3999 ferri
1002 3945 1116 4015 potest,
1142 3944 1176 3998 et
1201 3938 1288 3997 dulei
1316 3939 1417 4014 primo
1445 3937 1557 3998 obtutu
1584 3938 1710 3998 videtur
1739 3939 1991 4015 praeferendum,
2017 3944 2127 4015 utpote
2154 3938 2244 4013 quod

478 4041 592 4101 melius
619 4040 659 4100 ad
684 4044 783 4098 cantu
810 4055 905 4115 quam
927 4038 966 4098 ad
989 4038 1070 4096 tibia
1095 4037 1156 4099 hoc
1177 4037 1340 4115 epitheton
1361 4036 1508 4113 quadret;
1530 4035 1569 4095 ei.
1590 4034 1670 4095 haee
1691 4037 1805 4096 similia
1826 4036 1970 4111 exempla

861 4156 972 4216 catull.
994 4155 1105 4223 eleut
1126 4200 1132 4213 .
1156 4201 1163 4214 .
1186 4201 1192 4215 .
1216 4201 1222 4213 .
1246 4200 1253 4214 .
1276 4202 1282 4214 .
1311 4151 1498 4212 horribili
1520 4150 1671 4211 stridebat
1691 4152 1791 4211 tibia
1812 4159 1928 4211 catatu

840 4252 929 4314 Ovid.
945 4256 1013 4313 Am.
1028 4253 1144 4327 3,13‚lt
1170 4299 1176 4311 .
1199 4299 1205 4311 .
1230 4253 1447 4328 praesonuit
1468 4251 1651 4309 sollemni
1675 4249 1773 4309 tibia
1795 4256 1921 4309 centn.

478 4369 540 4431 Sed
562 4388 603 4431 ne
625 4370 728 4429 dulcis
750 4370 879 4447 quidem
901 4367 1006 4442 hahet,
1028 4385 1091 4445 quo
1112 4368 1261 4442 attendat,
1283 4375 1317 4428 ut
1339 4355 1473 4445 legimus
1493 4369 1577 4444 apud
1603 4371 1767 4429 Horatium
1788 4367 1964 4440 e.1,tt,to
1989 4372 2023 4428 et
2035 4367 2240 4443 Propertium

477 4468 512 4543 V,
533 4469 583 4542 lt>
603 4467 706 4526 dulcis
725 4468 843 4546 fistula,
872 4472 903 4526 et
928 4468 1057 4527 omnino
1084 4473 1250 4527 natusest
1277 4483 1353 4526 usus
1383 4473 1561 4542 poetarum,
1588 4483 1650 4543 quo
1676 4464 1816 4543 epitheta
1841 4479 1898 4540 per
1923 4464 2107 4542 hypalagen,
2134 4479 2233 4541 quam

477 4573 601 4640 vocant,
622 4583 718 4642 saepe
739 4567 807 4626 aliis
828 4565 990 4626 vocabulis
1013 4565 1226 4641 adiunguntur
1246 4571 1341 4641 atque
1363 4567 1403 4624 ad
1424 4580 1505 4640 quae
1527 4567 1652 4643 proprie
1673 4563 1846 4639 pertinent;
1874 4562 1932 4622 sed
1953 4560 2023 4636 hoe,
2051 4562 2234 4637 ubicunque

476 4664 520 4739 iit,
542 4682 632 4724 suam
652 4663 749 4724 habet
770 4664 1022 4741 explicationem.
1066 4666 1146 4724 liicit
1172 4665 1256 4724 enirn
1284 4663 1428 4740 Virgilius
1450 4664 1528 4722 Aen.
1553 4663 1614 4735 Vll,
1635 4662 1695 4722 483
1722 4679 1831 4718 cerrus
1863 4658 2010 4719 sonitibus
2038 4660 2151 4736 inpetu
2179 4676 2237 4736 pro

477 4761 658 4839 inpartibus
685 4760 846 4836 cornibus,
873 4765 946 4838 quia
973 4779 1091 4823 cornua
1118 4769 1192 4822 sunt
1220 4779 1324 4835 eausa,
1352 4777 1409 4821 our
1435 4762 1546 4836 ingens
1572 4758 1635 4842 diei
1663 4759 1761 4833 possit
1783 4773 1912 4833 cervus,
1933 4758 2116 4834 Propertius
2136 4757 2159 4830 1,
2179 4756 2232 4829 3,9

476 4860 552 4920 dicit
566 4858 654 4918 ebria
668 4861 812 4938 vestipia,
828 4877 900 4921 eum
916 4862 992 4936 ipsis
1006 4862 1147 4937 vestigiis
1162 4861 1291 4921 incertis
1306 4859 1443 4919 ebrietas
1458 4858 1513 4916 liat
1526 4856 1702 4928 manifesta,
1716 4855 1832 4916 ibidem
1849 4872 1877 4914 v.
1892 4856 1932 4916 20
1947 4855 2065 4931 ipnotis
2079 4852 2238 4929 cornibus,

476 4960 550 5034 quia
571 4975 689 5019 cornua
710 4960 898 5033 effecerunt,
920 4967 954 5020 ut
984 4976 1048 5019 non
1084 4964 1290 5036 cognosceret
1316 4957 1417 5031 Argus
1441 4954 1559 5014 Ionem.
1606 4955 1715 5029 Itaque
1741 4952 1802 5014 hoc
1827 4955 1895 5013 loco
1924 4952 2005 5011 tibia
2034 4952 2097 5013 dici
2126 4956 2235 5029 potest

475 5057 588 5131 duleis,
616 5059 690 5134 quia
720 5063 832 5117 cantus
863 5057 958 5118 tibiae
983 5059 1110 5118 iunctus
1137 5061 1316 5129 causaest,
1343 5070 1400 5113 eur
1424 5053 1493 5129 ipsa
1519 5050 1594 5111 tibia
1619 5053 1660 5111 sit
1686 5051 1798 5112 dulcis.
1842 5050 2040 5127 Quamquam
2067 5051 2171 5127 igitur,
2199 5054 2236 5109 ut
