4732 5746
1010 305 1212 367 ..29-

330 499 472 574 Denique
511 503 618 558 extant
650 495 726 569 loci,
763 495 879 572 quibus
916 494 1183 570 interpolator
1222 495 1479 570 nescioquam
1520 493 1566 553 ob
1601 508 1762 554 causam
1797 509 1864 570 pro
1899 508 1994 554 vera

224 597 398 659 lectione
419 595 534 656 aliam
555 611 692 655 vocem
714 610 873 670 prorsus
894 593 1069 653 eiusdem
1090 592 1397 670 significationis
1418 591 1647 664 immiscuit,
1667 591 1755 651 velut
2108 578 2112 589 '

623 711 646 783 I,
667 709 737 783 8,60
758 708 811 768 AV
831 707 874 767 Et
894 708 1063 783 strepitu
1085 706 1174 765 mallo
1195 707 1277 765 ctum
1299 724 1463 766 reservare
1481 709 1566 783 fores
1587 745 1589 749 -
2048 708 2070 780 1,
2088 708 2152 776 8,60

783 806 809 866 G
859 853 876 877 ,‚
908 805 1038 864 sonitu
1099 852 1117 878 „

227 943 290 1002 quo
322 927 392 985 loco
420 943 460 986 ne
486 894 696 986 Baebrensius
724 923 853 999 quidem
882 922 952 983 cod.
980 922 1006 982 G
1033 927 1163 983 secutus
1189 930 1246 983 est.
1290 923 1395 998 Atque
1422 921 1556 999 strepitu
1582 919 1631 984 his
1650 916 1840 1006 tributionis
1865 921 1992 982 rirlcitur

225 1014 304 1085 locis
325 1025 481 1086 similibus
650 1022 673 1096 Ι,
694 1022 764 1096 6,69
786 1019 952 1097 Coqrroscr't
973 1019 1162 1096 strepitus
1184 1037 1233 1078 me
1254 1022 1397 1079 veniente
1415 1020 1536 1097 pedum

231 1110 234 1115 ’
652 1120 765 1192 1‚n,37
786 1117 856 1178 Neo
877 1117 1048 1194 strepitu
1070 1121 1182 1176 terrete
1199 1117 1320 1193 pedum

440 1239 479 1298 cf.
502 1235 591 1297 Ovid.
614 1236 685 1296 Met.
707 1235 785 1308 XIV,
807 1235 865 1296 782
887 1231 952 1291 Nec
971 1232 1179 1310 strepitum
1200 1250 1287 1292 verso
1309 1232 1469 1294 Saturnia
1489 1236 1620 1296 cardine
1641 1238 1725 1314 fecit.

227 1337 391 1413 Nusquam
412 1335 497 1412 apud
519 1334 677 1395 Tibullum
705 1334 822 1394 talibus
847 1333 880 1392 in
901 1333 990 1392 sortis
1011 1333 1172 1392 amatoriis
1194 1331 1411 1393 describendis
1433 1333 1554 1392 sonitus
1576 1335 1705 1409 dicitur,
1734 1352 1808 1396 cum
1829 1351 1925 1392 sortus
1946 1334 1993 1394 in·
2082 1378 2087 1388 .

227 1437 382 1508 veniatur,
405 1433 443 1493 ci.
465 1433 488 1507 Ι,
509 1434 589 1507 aab.
711 1498 715 1509 p

333 1531 455 1592 Deinde
476 1531 498 1604 Ι,
520 1531 610 1605 10,46
632 1528 780 1592 exhibent
1861 1615 1865 1624 Ι
2048 1527 2070 1597 l,
2087 1525 2167 1598 10,46

727 1647 781 1707 AV
801 1645 901 1705 Dixit
921 1650 1069 1703 oraturus
1091 1643 1145 1703 sub
1167 1646 1244 1720 iupa
1264 1644 1493 1725 corrobores
1510 1700 1524 1722 ³,
1860 1634 1863 1639 ¹

736 1745 763 1805 G
844 1791 861 1818 tt
987 1790 1006 1818 l?
1108 1789 1125 1816 Ἰ
1192 1789 1210 1817 ll
1258 1743 1397 1819 panda
1442 1791 1460 1818 il

228 1862 451 1936 Baehrensius,
473 1878 668 1939 quamquam
689 1858 799 1935 olim1)
825 1876 899 1920 cum
925 1856 1124 1935 Huschki02)
1151 1859 1286 1934 dixerat,
1308 1876 1406 1918 curva
1433 1860 1546 1920 Tibulli
1572 1860 1766 1937 simplicitati
1791 1863 1890 1938 magis
1916 1878 1991 1922 con·

227 1962 346 2033 venire,
366 1967 473 2020 tamen
492 1960 607 2036 pondo
627 1961 659 2019 in
673 1965 796 2020 textum
810 1959 938 2034 recepit.
971 1957 1033 2018 Sed
1055 1960 1192 2033 primum
1205 1964 1294 2018 recte
1308 1966 1417 2021 monet
1432 1960 1642 2036 Rossbergius
1651 1955 1677 2035 3)
1690 1959 1819 2035 porrulos
1834 1976 1992 2035 nusquam

229 2059 289 2134 legi
315 2059 346 2118 iu
375 2059 488 2120 Tibulli
514 2059 707 2120 carminibus
733 2074 908 2133 eorumque
935 2058 1081 2130 assecliS,
1110 2058 1259 2133 septies
1285 2074 1401 2115 curvus
1427 2059 1463 2136 (l,
1492 2057 1556 2132 4,8;
1584 2058 1622 2132 ΙΙ,
1644 2058 1871 2133 1,86;11‚3,7;
1894 2059 1990 2136 Lygd.

228 2157 312 2230 5,l6;
334 2173 445 2233 paneg.
468 2157 559 2218 Mess.
581 2157 630 2232 20,
642 2158 691 2230 94,
702 2156 786 2231 125).
822 2155 942 2215 Deinde
966 2161 1074 2216 autern
1089 2156 1317 2217 documentum
1339 2156 1571 2231 gravissimum,
1586 2156 1672 2232 quod
1689 2157 1785 2217 miror
1799 2157 1989 2233 interpretes

229 2254 384 2331 effugisse,
406 2255 479 2315 inde
500 2261 604 2331 potest
625 2254 750 2326 adferri,
772 2253 857 2329 quod
873 2250 1013 2327 Ovidius,
1035 2255 1088 2329 qui
1102 2251 1189 2314 hunc
1203 2252 1317 2314 Tibulli
1337 2270 1468 2314 versum
1489 2252 1586 2313 verbo
1607 2261 1702 2315 tenus
1722 2271 1817 2315 suum
1843 2253 1988 2331 reddidit,

229 2352 354 2428 optimis
375 2351 539 2413 codicibus
561 2351 752 2413 testantibus
775 2353 853 2426 iupa
874 2370 973 2409 curva
995 2351 1072 2411 dixit
1124 2416 1128 2423 ³

586 2469 625 2512 ex
646 2453 747 2512 Ponto
768 2452 791 2525 Ι,
813 2452 883 2525 8,54
904 2451 1025 2510 Ducam
1046 2449 1203 2509 ruricolas
1223 2448 1278 2508 sub
1299 2448 1391 2525 iupa
1411 2467 1530 2508 curva
1550 2449 1648 2524 boves,

227 2563 420 2623 quamquam
442 2548 504 2610 hoc
528 2565 655 2626 quoque
676 2550 747 2609 loco
768 2549 943 2609 deteriores
965 2548 1055 2608 codd.
1080 2547 1195 2625 ponda
1223 2544 1422 2623 praebent.⁴)
1464 2548 1502 2607 Et
1522 2544 1584 2608 hoc
1610 2546 1764 2608 Ovidiano
1792 2548 1862 2607 loco
1888 2554 1920 2609 et
1941 2549 1990 2609 Ti·

223 2644 372 2719 bullian0‚
395 2645 434 2706 de
456 2663 520 2722 quo
541 2649 653 2723 agitur,
674 2647 919 2722 interpolatores
940 2646 1051 2723 procul
1073 2644 1168 2706 dubio
1190 2646 1265 2705 talia
1286 2644 1444 2705 recordati
1465 2651 1539 2705 sunt
1554 2644 1708 2722 exempla,
1730 2645 1845 2722 quibus
1859 2644 1990 2708 Ovidius

224 2743 304 2818 iupa
322 2743 438 2818 parido
459 2743 546 2817 dixit,
573 2743 658 2820 quod
686 2745 875 2805 vocabulum
897 2747 1026 2805 omnino
1052 2742 1105 2805 hic
1132 2750 1225 2821 poeta
1252 2744 1285 2802 in
1314 2742 1434 2803 deliciis
1461 2741 1570 2816 habet;
1598 2744 1637 2803 ci.
1659 2759 1686 2803 e.
1707 2761 1736 2819 g.
1760 2744 1887 2804 Heroid.
1910 2745 1989 2820 6,10,

194 2909 201 2920 ·
224 2841 331 2899 Amor.
354 2840 377 2912 Ι,
399 2840 488 2914 lain
510 2842 586 2919 (vid.
608 2843 773 2902 Heinsium
795 2844 834 2903 ad
857 2844 921 2902 Art.
944 2861 999 2903 am
1020 2844 1042 2916 l,
1063 2842 1146 2918 318).
1189 2844 1231 2902 nt
1252 2848 1362 2901 contra
1383 2842 1516 2917 legimus
1539 2842 1618 2917 iupa
1639 2842 1989 2916 curvaFast.1V,‘216.

332 2936 421 2998 Idem
451 2939 603 3000 iudicium
637 2939 802 3001 ferendum
833 2945 891 3002 erit
923 2942 964 3002 de
997 2942 1173 3002 differentia
1199 2957 1218 2999 a
1243 2938 1435 3000 Baehrensio
1471 2946 1502 2998 et
1527 2938 1719 3015 Rossbergio
1750 2944 1874 3013 vexata,
1906 2956 1989 3016 quae

226 3040 313 3093 extat
333 3034 356 3108 l,
376 3036 435 3108 2,ss

624 3113 631 3154 l
730 3119 782 3179 AV
804 3118 976 3178 Clauditur
996 3124 1024 3176 et
1046 3119 1130 3178 dura
1152 3120 1254 3176 ianua
1275 3118 1396 3194 firma
1416 3133 1487 3174 scra

743 3216 769 3276 G
877 3264 895 3292 „
996 3264 1014 3293 ‚,
1066 3263 1084 3293 ‚,
1192 3263 1210 3292 „
1285 3215 1444 3291 solta„

222 3327 268 3387 Ac
289 3327 342 3388 ille
363 3328 494 3404 quidem
524 3331 564 3390 ad
591 3331 710 3393 codicis
732 3333 758 3393 G
780 3335 970 3410 scripturam
991 3334 1260 3411 comprobandam
1286 3330 1446 3392 mordicus
1473 3337 1561 3391 tenet
1573 3327 1599 3407 δ)
1629 3328 1731 3392 Ovidii
1756 3334 1870 3408 locum,
1892 3350 1989 3410 quern

221 3424 355 3500 legimus
377 3428 443 3488 Art.
467 3446 528 3489 am.
550 3429 588 3502 11,
609 3430 669 3490 att
808 3431 912 3508 Atque
933 3433 993 3491 erit
1015 3434 1160 3509 opposita
1181 3432 1285 3488 ianua
1306 3429 1411 3505 fulta
1432 3445 1514 3488 sero.

221 3522 284 3583 Sed
316 3524 392 3599 quid
424 3527 566 3602 impedit,
588 3530 758 3603 quominus
780 3535 956 3590 statuamus
980 3529 1125 3589 Ovidium
1157 3547 1219 3589 non
1251 3526 1336 3588 huuc
1358 3528 1537 3603 expresisse
1558 3528 1664 3588 locum
1688 3527 1908 3604 Tibullianum,
1930 3531 1987 3590 sed

222 3637 306 3695 eum,
328 3637 424 3697 quem
445 3624 579 3699 legimus
605 3626 627 3700 Ι,
649 3626 719 3700 8,76
742 3625 957 3703 Quocumque
978 3629 1166 3704 opposito
1187 3632 1232 3684 cst
1254 3627 1382 3683 ianua
1405 3624 1490 3682 dura
1511 3624 1626 3682 sera?

222 3717 262 3778 Ut
284 3725 391 3779 autem
412 3716 474 3780 hoc
495 3737 536 3781 ex
556 3726 703 3800 exemplo
725 3726 829 3802 colligi
850 3727 959 3800 nequit
981 3724 1127 3785 Ovidium
1149 3741 1205 3802 pro
1227 3722 1313 3799 sotto
1335 3723 1500 3797 scripsisse
1522 3721 1617 3797 dura,
1632 3724 1674 3783 ita
1696 3723 1868 3799 illelmus,
1891 3741 1988 3801 quern

221 3815 435 3875 Baehrensius
457 3817 487 3876 in
510 3824 780 3896 comparationem
801 3823 934 3896 vocavit,
957 3838 1020 3882 non
1041 3822 1158 3883 sufficit
1178 3822 1218 3883 ad
1240 3820 1360 3881 codicis
1382 3819 1408 3881 G
1430 3822 1620 3897 scripturam
1641 3821 1728 3897 fulta
1754 3821 1985 3904 stabiliendam.

222 3914 351 3987 Deinde,
373 3919 408 3974 ut
430 3915 461 3974 in
484 3917 588 3991 priore
610 3918 785 3980 Tibulliano
807 3920 953 3996 exemplo
967 3919 1003 3997 (Ι,
1025 3920 1088 3994 26)
1103 3919 1283 3993 durasera,
1298 3917 1621 3995 postenore(1,8,76)
1637 3920 1741 3977 ianua
1762 3919 1848 3979 dura
1861 3920 1984 3996 dicitur,

222 4013 268 4070 sic
290 4013 417 4071 omnino
439 4013 597 4073 invenitur
617 4017 713 4077 inodo
727 4020 822 4095 firma
842 4036 923 4091 sera,
945 4018 1040 4079 modo
1060 4018 1157 4095 firmo
1179 4018 1295 4091 icitua3

476 4128 514 4188 cf.
538 4128 593 4188 Or.
616 4147 654 4190 ex
676 4133 766 4192 Pont.
788 4134 810 4208 I,
831 4136 901 4207 232
923 4132 1082 4209 Partaque
1102 4133 1157 4192 vira
1177 4133 1299 4210 firmo
1321 4137 1493 4193 srrmnrovet
1514 4151 1608 4191 ormo
1629 4151 1728 4193 sero.

651 4229 758 4288 Amor.
780 4230 817 4303 ΙΙ,
841 4233 909 4304 123
950 4231 1052 4289 irrora
1071 4233 1167 4309 firmo

223 4339 377 4410 Quoniam
405 4343 498 4418 igitur
525 4365 583 4408 nos
611 4365 729 4425 ponere
756 4365 888 4408 necesse
916 4368 978 4409 non
1005 4358 1053 4411 est
1081 4350 1192 4410 Ouidio
1219 4349 1333 4410 Tibulli
1359 4350 1478 4424 locum,
1499 4350 1539 4410 de
1566 4366 1629 4427 quo
1650 4351 1761 4427 agitur,
1782 4349 1987 4411 obversatum

332 4711 353 4777 .¹)
372 4711 433 4766 Tib.
454 4711 566 4765 Blitter
584 4725 611 4778 p.
629 4711 673 4766 62.

332 4800 354 4866 ¹)
373 4801 443 4854 edit.
464 4814 492 4867 p.
511 4797 573 4851 abr.

331 4888 353 4956 3)
372 4905 400 4958 p.
419 4887 462 4942 to.

331 4977 353 5044 ⁴)
372 4978 408 5032 cs.
428 4977 531 5031 Kornii
549 4975 619 5030 edit.
638 4991 664 5045 p.
685 4976 730 5030 30.

331 5067 356 5136 ὓ)
375 5066 449 5135 prol.
468 5065 509 5120 ll.
