4732 5746
1182 291 1385 352 -30-

399 491 487 551 esse,
509 476 625 539 deinde
652 483 684 538 et
705 478 809 536 iouuc
828 477 925 557 fianta
952 479 992 540 ab
1020 477 1132 540 Ovidio
1159 478 1286 554 dicitur,
1311 478 1514 541 manifestum
1540 487 1589 541 est
1615 481 1691 542 illud
1718 481 1899 558 exemplum
1923 498 1943 542 a
1969 479 2166 543 Baehrensio

401 574 563 637 conlatum
584 576 628 638 nil
648 577 757 637 valere
778 576 817 637 ad
839 577 911 638 cod.
935 577 962 639 G
983 579 1174 656 scripturam
1202 576 1453 654 praeferendam.
1499 577 1713 657 Rossbergii1)
1741 586 1848 641 autem
1872 578 2060 658 scrupulum
2086 596 2166 641 cen·

399 672 499 734 sentis
519 673 628 735 verbis
648 673 815 735 clauditur
835 720 842 735 .
864 721 873 735 .
895 720 903 735 .
924 676 1033 753 fulta
1046 678 1268 754 pleonasmum
1288 676 1362 735 oriri
1381 681 1470 736 recte
1490 684 1633 737 removet
1647 675 1873 753 Baehrensius,
1895 695 1969 740 cum
1990 676 2066 738 dicit
2086 675 2167 739 illud

398 769 561 831 clauditur
586 770 701 834 confici
721 779 816 850 atque
830 775 967 836 ‘evenire
988 792 1027 835 ex
1048 775 1154 851 fulta
1173 774 1287 833 ianua.
1330 773 1409 834 Cum
1434 773 1530 850 igitur
1553 778 1688 851 unaque
1713 780 1787 851 apta
1812 776 1854 837 sit
1879 774 1973 836 lectio
1998 791 2104 852 neque
2125 791 2167 835 ex

398 869 468 946 ipso
488 868 560 930 loco
581 869 628 930 rei
649 870 837 932 enodandae
857 873 958 933 ullum
979 872 1095 934 adferri
1115 874 1216 950 possit
1229 871 1459 946 adiumentum,
1473 870 1513 930 ad
1528 888 1566 933 ea
1580 872 1798 950 confugiamus
1813 878 1946 950 oportet,
1960 888 2043 950 quae
2056 870 2167 934 adbuc

399 974 562 1045 comperta
582 968 736 1031 habemus
757 970 798 1032 de
819 970 972 1032 librorum
992 972 1189 1034 auctoritate.
1232 971 1336 1047 Atque
1357 975 1525 1047 postquam
1546 970 1684 1031 vidimus
1704 970 1798 1032 codd.
1821 970 1875 1031 AV
1896 972 2038 1049 proprias
2064 970 2168 1049 scrip-

397 1070 486 1126 turas
508 1083 666 1144 nusquam
686 1068 936 1146 interpolationis
958 1068 1035 1130 dare
1056 1069 1281 1145 suspicionem,
1303 1068 1447 1129 codicem
1468 1075 1576 1130 autem
1597 1067 1624 1129 G
1644 1077 1695 1131 sat
1720 1087 1817 1148 saepe
1843 1087 1973 1132 manum
1994 1070 2162 1131 correctri-

387 1179 470 1237 ‚cem
491 1171 659 1240 expertum
680 1182 763 1242 esse,
785 1168 1018 1228 consectarium
1039 1173 1089 1228 est
1109 1166 1171 1228 hoc
1192 1167 1262 1227 loco
1282 1165 1379 1245 firmo
1399 1182 1509 1229 veram
1530 1184 1590 1229 nos
1611 1184 1785 1246 agnoscere
1806 1170 1985 1231 lectionem.

505 1263 767 1343 Quaecunque
793 1261 912 1341 igitur
936 1265 1134 1343 persecuti
1155 1281 1286 1336 sumus
1312 1265 1647 1342 interpolationes
1675 1266 1758 1327 cod.
1787 1265 1823 1341 G,
1845 1267 1884 1328 in
1905 1266 2068 1327 diversa
2087 1265 2165 1326 dis·

397 1359 537 1419 cedunt
558 1376 716 1436 genera,
737 1377 899 1438 quorum
921 1363 1081 1437 primum
1103 1378 1169 1422 eas
1191 1363 1386 1437 continet,
1408 1363 1750 1439 quibuslibrarius
1766 1363 2164 1441 iocosinexemplari

396 1474 466 1518 suo
488 1464 702 1535 corruptos
723 1461 886 1537 proprio
907 1460 1028 1521 Marte
1048 1460 1246 1521 studuerit
1266 1460 1491 1535 emendare,
1512 1462 1693 1538 alterum,
1715 1461 1855 1539 quibus
1872 1460 1992 1521 verba
2013 1458 2163 1520 tradita

395 1571 597 1634 perperam
628 1556 870 1635 intellegens
902 1575 969 1619 suo
1007 1556 1171 1618 arbitrio
1203 1559 1485 1635 immutaverit,
1515 1561 1690 1635 tertium,
1722 1560 1863 1637 quibus
1893 1559 1940 1620 ad
1973 1557 2047 1618 vim
2078 1572 2167 1617 sen-

394 1655 548 1715 tentiae
569 1657 786 1732 augendam
807 1655 1000 1732 genuinae
1027 1655 1253 1733 scripturae
1284 1657 1454 1718 alienam
1480 1661 1751 1736 supposuerit,
1777 1665 1954 1737 quartam
1980 1655 2165 1732 denique,

396 1753 538 1831 quibus
559 1755 731 1816 lectione
758 1755 905 1815 tradita
926 1756 1078 1816 reiecta
1098 1754 1260 1816 alteram
1282 1755 1383 1815 idem
1404 1755 1704 1831 significantem
1725 1757 1946 1817 inculcarit.

501 1854 621 1929 Restat,
642 1861 678 1915 ut
699 1854 738 1915 de
760 1870 799 1916 ea
819 1855 924 1916 dicam
944 1854 1127 1931 Rossbergii
1147 1855 1315 1925 sententia,
1336 1869 1400 1929 qua
1413 1851 1560 1931 censet2)
1580 1856 1707 1932 ipsum
1728 1853 1985 1933 archetypum
2006 1852 2164 1915 codicis

394 1947 480 2010 Get
501 1958 781 2029 excerptorum
802 1952 883 2013 Par.
910 1953 1008 2031 (cod.
1034 1951 1069 2027 x)
1094 1952 1170 2012 iam
1195 1951 1480 2027 interpolatum
1506 1952 1640 2014 fuisse.
1682 1952 1784 2026 Quam
1804 1953 1997 2014 senteutiam
2017 1952 2098 2013 duas
2120 1951 2164 2013 ob

394 2063 509 2109 causas
529 2049 680 2126 amplecti
700 2066 764 2110 non
785 2066 925 2127 possum.
967 2051 1014 2110 Ac
1035 2050 1172 2126 primum
1194 2049 1332 2124 quidem,
1354 2064 1433 2126 quas
1455 2051 1481 2111 G
1502 2056 1536 2111 ct
1556 2051 1623 2111 Par.
1646 2067 1835 2112 communes
1855 2049 1973 2111 babent
1993 2049 2163 2124 lectiones,

396 2147 493 2208 exiis
518 2163 559 2208 ne
585 2163 649 2207 una
676 2146 805 2223 quidem
831 2146 873 2208 de
897 2148 1142 2224 interpolatione
1166 2154 1315 2223 suspecta
1341 2154 1399 2222 est,
1426 2149 1484 2210 sed
1510 2166 1623 2211 omnes
1647 2151 1714 2212 fere
1741 2167 1838 2211 verae
1862 2155 1954 2223 sunt,
1974 2164 2054 2222 una,
2075 2162 2164 2224 quae

393 2243 486 2304 nobis
512 2251 661 2322 corrupta
686 2246 756 2305 visa
781 2251 845 2319 est,
871 2261 916 2305 sc.
942 2246 965 2319 1,
991 2245 1061 2319 t,48
1087 2243 1203 2322 (imbra
1231 2259 1288 2320 pro
1314 2244 1404 2323 iprae)
1431 2248 1649 2325 neglegentiae
1675 2250 1779 2324 potius
1808 2264 1904 2324 quam
1924 2247 2161 2324 interpolationi

394 2351 596 2413 attribuenda
622 2359 682 2414 est.
731 2353 852 2413 Deinde
878 2368 917 2413 ex
941 2352 980 2426 11,
1006 2352 1086 2426 ont,
1107 2351 1160 2412 ubi
1192 2368 1261 2413 exc.
1285 2352 1354 2411 Par.
1387 2364 1461 2408 cum
1488 2346 1580 2407 codd.
1611 2345 1664 2406 AV
1691 2354 1723 2407 et
1749 2346 1828 2406 Fris.
1857 2351 1981 2407 rectam
2006 2342 2162 2407 exhibent

393 2451 584 2527 scripturam
605 2468 685 2527 spes,
706 2449 776 2512 cod.
798 2450 825 2511 G
845 2450 1066 2527 interpolatam
1088 2457 1128 2521 et,
1151 2448 1299 2509 videmus
1321 2449 1491 2509 lectionem
1511 2444 1734 2521 interpolatam
1755 2445 1786 2503 in
1807 2445 1861 2505 ilio
1882 2441 2056 2521 archetypo
2077 2458 2159 2503 non-

358 2612 366 2624 ,
394 2548 470 2608 dum
485 2549 636 2608 extitisse.
678 2548 813 2624 ltaque
827 2548 885 2608 cis
899 2546 1294 2623 interpolationibus,
1316 2560 1410 2621 quas
1431 2544 1468 2604 in
1489 2541 1610 2603 codG
1631 2539 1976 2618 deprehendimus,
1997 2540 2156 2602 minime

393 2662 561 2708 necesse
588 2651 648 2707 est
674 2652 891 2707 statuamus
917 2662 1001 2707 eum
1023 2644 1199 2705 codicem
1220 2646 1294 2704 iam
1315 2643 1572 2719 depravatum
1596 2639 1731 2712 luisse,
1757 2639 1802 2699 ad
1829 2655 1944 2715 quern
1965 2636 2046 2699 cod.
2065 2635 2093 2696 G
2112 2643 2150 2696 et

393 2759 473 2805 exc.
494 2744 576 2805 Par.
597 2750 815 2805 recurrunt.
853 2742 916 2804 Sed
937 2743 1147 2803 subsistamus
1168 2758 1252 2802 nunc
1274 2747 1306 2802 et
1326 2742 1451 2801 totius
1472 2736 1755 2815 disputationis
1780 2752 1966 2797 summam
1987 2734 2145 2797 iaciamus.

1106 3165 1305 3297 Caput
1337 3165 1428 3266 ΙΙΙ.

896 3405 1056 3483 Totius
1085 3407 1404 3499 disputationis
1431 3422 1638 3480 summe.

497 3635 739 3711 Rossbergiu
748 3632 821 3694 min
833 3633 1017 3695 universum
1027 3631 1143 3691 frustra
1155 3647 1227 3691 esse
1240 3630 1477 3692 demonstrasse
1488 3630 1579 3691 nobis
1592 3630 1748 3702 videmur,
1760 3598 1845 3704 quod
1856 3626 2001 3687 codicem
2013 3623 2156 3701 Gusque

389 3735 470 3796 adeo
483 3732 777 3811 interpolationibus
791 3732 1004 3793 deformatum
1019 3745 1092 3790 esse
1114 3727 1286 3802 contendit,
1308 3734 1343 3788 ut
1364 3728 1405 3787 ad
1425 3727 1538 3788 Tibulli
1559 3733 1682 3788 textum
1702 3724 1933 3786 restituendum
1954 3723 2072 3784 nullius
2092 3738 2157 3799 per

389 3849 425 3893 se
439 3831 598 3909 putandus
611 3833 652 3892 sit
667 3831 828 3892 momenti.
860 3830 998 3908 Singulis
1012 3835 1120 3888 autem
1135 3830 1167 3888 in
1180 3825 1259 3888 locis
1278 3827 1420 3887 tractatis
1442 3828 1578 3904 primum
1600 3833 1693 3901 errat,
1708 3826 1793 3903 quod
1809 3840 1864 3885 eas
1876 3822 1995 3883 codicis
2010 3820 2037 3882 G
2051 3822 2157 3897 scrip·

389 3937 485 4005 turus,
498 3946 578 4007 quas
596 3931 706 4006 negari
728 3935 865 4006 nequeat
882 3927 1106 4006 praeferendas
1121 3944 1192 3988 esse
1208 3924 1396 3985 lectionibus
1419 3924 1509 3985 codd.
1531 3924 1638 3998 AV,ex
1660 3922 1804 3984 felicibus
1820 3922 1937 3982 librarii
1957 3920 2155 3981 coniecturis

389 4031 549 4107 proiectas
570 4045 652 4089 esse.
694 4027 814 4089 Deinde
834 4025 1117 4089 vehementissime
1144 4032 1241 4097 errat,
1268 4022 1352 4099 quod
1375 4021 1445 4082 cod.
1468 4022 1494 4082 G
1514 4023 1688 4098 scripturas
1714 4020 1869 4097 quasdam
1895 4020 2028 4080 eximias
2054 4023 2155 4093 atque

389 4134 499 4189 censet
511 4126 693 4202 exquisitas,
704 4142 786 4201 quae
798 4127 922 4186 nonnisi
933 4126 1032 4201 ipsius
1043 4130 1156 4200 poetae
1167 4139 1238 4183 esse
1250 4122 1381 4197 possint,
1392 4136 1450 4196 per
1459 4120 1716 4195 interpolatorem
1728 4119 1916 4195 depravatas
1927 4117 2096 4188 existimat,
2110 4116 2155 4176 ita

389 4232 424 4286 ut
451 4223 534 4284 haud
562 4225 654 4301 pauci
680 4240 789 4284 eorum
817 4226 956 4301 ipsorum
978 4224 1131 4295 locorum,
1154 4221 1268 4297 quibus
1293 4220 1345 4279 ille
1370 4219 1419 4277 vir
1444 4216 1557 4277 doctus
1583 4217 1701 4277 codicis
1729 4216 1755 4276 G
1782 4224 1899 4276 statum
1925 4213 2153 4289 interpolatum

388 4322 496 4383 madet
516 4324 673 4394 evincere,
689 4321 843 4382 nobisvel
858 4323 996 4382 maximo
1017 4322 1080 4380 sint
1101 4319 1294 4379 documento
1309 4316 1377 4376 cod.
1394 4315 1419 4375 G
1435 4331 1636 4392 nequaquam
1651 4332 1722 4375 esse
1742 4314 1968 4391 respuendum.
2005 4311 2150 4386 Denique

389 4427 483 4496 errat,
504 4419 603 4496 quod,
625 4418 678 4480 ubi
700 4420 769 4480 cod.
792 4418 819 4479 G
841 4436 953 4480 revera
974 4423 1145 4492 corruptus
1172 4422 1235 4488 est,
1256 4431 1331 4475 cum
1352 4414 1392 4474 de
1417 4414 1658 4491 interpolatione
1677 4419 1864 4487 suspectum
1889 4409 1999 4483 babet,
2020 4409 2150 4470 etiamsi

388 4520 588 4595 corruptelae
610 4535 667 4594 per
688 4520 776 4578 lenes
798 4524 829 4577 et
849 4519 1009 4577 solemnes
1025 4515 1224 4575 librariorum
1243 4529 1368 4573 errores
1382 4520 1469 4574 ortae
1491 4518 1610 4573 suntet
1624 4509 1783 4570 interdum
1799 4526 1838 4570 ne
1852 4509 1993 4585 intellegi
2015 4506 2149 4584 quidem

387 4623 501 4694 potest,
524 4617 599 4692 quid
620 4618 749 4677 omnino
770 4616 974 4693 interpolator
995 4615 1053 4674 sibi
1079 4614 1223 4673 voluerit.
1271 4614 1368 4672 Recte
1395 4617 1502 4671 autem
1528 4608 1590 4669 huc
1617 4609 1691 4667 illuc
1719 4609 1806 4668 locos
1831 4610 1864 4669 in
1891 4607 1960 4667 cod.
1983 4604 2009 4666 G
2030 4620 2148 4681 reapse

386 4718 594 4793 interpolatos
615 4717 771 4791 cognovit.

498 4974 518 5043 ¹)
536 4990 565 5043 p.
585 4974 627 5029 76.

496 5064 518 5135 ²)
536 5080 563 5133 p.
583 5065 625 5120 tt.
