4732 5746
1005 332 1118 391 ..pr
1163 365 1203 373 -

327 519 416 580 Idem
437 517 641 578 iudicandum
662 515 740 577 mihi
761 517 886 578 videtur
908 517 949 579 de
968 518 1154 591 differentia,
1177 533 1259 593 quae
1280 521 1385 583 extat.

660 617 682 690 1,
704 617 773 691 ate
794 618 847 678 AV
867 616 1022 678 Securum
1042 632 1167 674 somnos
1188 616 1278 689 iane
1299 614 1430 672 iura-nte
1451 614 1539 691 sequi

804 714 830 773 G
943 761 960 788 rr
1091 759 1108 787 rr
1192 711 1311 771 imbre
1363 758 1380 785 rr
1477 757 1494 785 rr

220 817 326 890 Atque
348 812 490 872 concedo
518 812 709 887 Rossbergio
720 811 744 888 1)
774 812 845 887 ipre
873 812 1117 888 praeferendum
1146 827 1228 884 esse,
1255 826 1449 886 quamquam
1471 810 1515 870 nil
1547 811 1639 885 valet,
1667 809 1752 887 quod
1778 811 1882 872 solum
1908 810 1986 870 dicit

219 915 293 990 igne
315 913 471 987 optimum
493 910 620 971 efficere
641 927 781 984 sensum,
813 909 912 968 imbre
944 916 1052 969 autem
1078 909 1201 969 nonnisi
1224 915 1366 969 contorte
1396 925 1490 985 posse
1517 910 1674 985 explicari.
1728 909 1774 969 Ac
1805 910 1946 970 Muretus
1959 905 1986 985 ²)

220 1010 360 1088 quidem,
376 1013 434 1070 etsi
448 1016 618 1083 utrumque
632 1014 744 1068 censet
759 1008 830 1067 ierri
846 1023 949 1084 posse,
965 1008 1038 1084 quia
1059 1012 1091 1065 et
1114 1006 1214 1063 imber
1229 1013 1260 1065 et
1276 1007 1362 1080 ipris
1382 1005 1487 1066 hieme
1507 1022 1656 1068 somnum
1679 1008 1857 1080 concilient,
1878 1011 1986 1066 tamen

221 1109 260 1169 ud
283 1110 453 1169 lectionem
475 1106 578 1164 imbre
599 1105 840 1181 praeferendam
867 1120 1044 1180 propensus
1066 1111 1114 1166 est
1145 1103 1205 1164 hos
1226 1104 1313 1164 locos
1344 1102 1491 1163 laudans:
1523 1104 1698 1180 Sophoclis
1731 1120 1827 1181 quem
1852 1104 1987 1180 legimus

222 1206 304 1283 apud
327 1206 514 1265 Ciceronem
535 1203 576 1263 ad
598 1205 689 1263 Attio.
712 1205 748 1278 ll,
771 1204 833 1277 tn:
1241 1204 1291 1263 κᾶν
1312 1201 1364 1263 iri
1386 1208 1463 1279 στέγῃ

875 1307 971 1371 avaria
992 1303 1092 1363 duilio
1113 1301 1235 1371 ψακάδος
1255 1302 1357 1378 ribeira
1379 1309 1453 1380 epiri,

225 1403 335 1464 Tibulli
357 1402 379 1474 I,
400 1402 480 1473 280,
502 1415 598 1475 quem
620 1398 832 1461 Baehrensius
854 1417 982 1478 quoque
1004 1404 1120 1462 excitat
1142 1402 1181 1461 ad
1202 1402 1397 1478 superfluam
1418 1418 1509 1462 suam
1531 1401 1744 1461 coniecturam
1766 1397 1987 1458 stabiliendam

224 1509 354 1561 aortartte
375 1517 431 1577 pro
454 1501 604 1557 iuvante:
953 1517 1010 1556 nec
1031 1499 1178 1574 strapula
1196 1500 1286 1575 picta
1307 1517 1453 1576 soporem

694 1615 750 1655 acc
772 1598 895 1655 sonitus
915 1597 1065 1673 placidae
1087 1597 1204 1657 ducere
1221 1600 1323 1675 possit
1344 1618 1457 1675 aqrtoe.

221 1696 340 1757 Deinde
362 1692 633 1770 Broulrhusium³)
655 1696 687 1754 in
708 1694 908 1755 adnotatione
930 1695 968 1754 ad
993 1695 1134 1771 Propert.
1162 1696 1215 1770 ΙΙΙ,
1236 1697 1307 1769 358
1333 1698 1376 1775 (p.
1397 1695 1471 1772 267)
1493 1697 1668 1772 pollicitum
1695 1693 1787 1753 bouis
1812 1693 1988 1754 rationibus

223 1811 259 1854 se
279 1801 482 1854 ostensurum
504 1810 585 1867 esse,
608 1810 704 1869 quam
726 1794 800 1868 ipre
822 1810 884 1853 non
906 1793 946 1853 sit
960 1810 1082 1867 verum,
1099 1793 1273 1872 Heynius⁴)
1293 1801 1429 1856 testatur
1443 1794 1591 1854 docuisse
1612 1794 1643 1853 in
1658 1792 1797 1853 editione
1812 1791 1989 1852 Tibulliana
2059 1866 2062 1875 Ι

223 1894 298 1965 ipre
330 1892 467 1952 alienum
491 1908 564 1952 esse
589 1893 629 1952 ab
656 1890 718 1951 hoc
744 1894 828 1966 loco;
855 1893 905 1951 cui
932 1893 1107 1953 sententiae
1135 1909 1329 1969 quamquam
1360 1895 1428 1968 ipse
1457 1893 1596 1969 lleynius
1626 1892 1847 1967 adstipulatur,
1878 1896 1987 1950 tamen

225 1991 333 2051 adicit:
356 1998 407 2063 „et
427 2008 503 2050 sane
524 1991 576 2050 ille
600 1989 707 2069 (ignis)
730 1991 835 2049 calore
857 2006 915 2050 suo
938 1990 1081 2050 membra
1103 1992 1197 2051 solvit
1218 1997 1250 2051 et
1271 2008 1419 2051 somnum
1442 1993 1617 2052 conciliat.“
1664 1991 1848 2050 Delenditur
1875 1991 1988 2063 tanea

230 2085 399 2162 Gruterot)
420 2087 556 2147 dicente:
579 2090 699 2162 „otiose
720 2085 772 2146 hic
794 2086 895 2144 imbre
917 2089 1048 2147 irritante
1069 2095 1214 2165 ponatur,
1236 2105 1309 2149 cum
1330 2090 1407 2150 illud
1429 2107 1539 2165 apicas,
1555 2089 1640 2165 quod
1655 2089 1797 2164 proxime
1818 2086 1987 2159 antecedit,

229 2186 365 2245 imbrem
386 2186 475 2245 facile
496 2185 609 2245 inierat
631 2201 690 2244 nec
711 2186 816 2243 minus
838 2185 918 2261 ignis
940 2187 1043 2260 sopiat
1065 2202 1163 2262 quam
1185 2186 1316 2247 imber.“
1352 2187 1493 2262 Denique
1511 2184 1707 2257 Dissenius⁶l
1727 2183 1829 2241 imbre
1851 2184 1988 2261 praescit

231 2303 323 2361 „cum
345 2284 498 2360 voluptas,
521 2284 606 2360 quod
628 2291 715 2344 tutus
736 2285 780 2343 sis
802 2284 841 2344 ab
864 2284 974 2358 imbre,
1002 2291 1116 2360 augeat
1137 2289 1242 2346 somni
1268 2286 1526 2346 iucunditatem.“
1575 2286 1668 2345 Vides
1695 2285 1788 2361 igitur
1814 2283 1987 2343 admodum

230 2387 364 2445 incertas
387 2383 535 2444 vacillare
561 2388 769 2460 interpretum
790 2386 978 2457 sententias,
1001 2401 1193 2460 quamquam
1226 2386 1292 2446 sere
1323 2401 1435 2445 omnes
1461 2385 1609 2460 propensi
1641 2389 1716 2444 sunt
1747 2383 1787 2442 ad
1819 2383 1988 2442 lectionem

229 2480 325 2541 imbre
346 2483 593 2557 agnoscendam.
632 2484 678 2542 Ac
699 2482 775 2543 mihi
798 2482 926 2559 quidem
954 2484 1027 2557 ipre
1053 2498 1130 2542 vera
1155 2484 1281 2543 videtur
1308 2485 1474 2560 scriptura.
1519 2481 1730 2559 Sophocleum
1758 2482 1833 2542 illud
1861 2482 1913 2540 vix
1939 2485 1989 2539 est

225 2581 309 2657 quod
330 2580 548 2656 respiciamus.
592 2582 667 2640 Plus
689 2582 772 2641 valet
795 2581 1004 2641 Tibullianum
1027 2583 1209 2658 exemplum
1231 2600 1327 2659 supra
1349 2583 1552 2658 adscriptum,
1575 2581 1659 2657 quod
1681 2582 1783 2657 primo
1805 2580 1916 2640 obtutu
1938 2584 1988 2639 sat

223 2696 320 2757 grave
341 2679 464 2739 adferre
487 2680 610 2739 videtur
631 2681 860 2741 documentum
881 2680 1106 2740 adlectionem
1128 2680 1228 2738 imbre
1243 2681 1521 2758 comprobandam.
1551 2680 1613 2740 Sed
1629 2686 1664 2741 ut
1678 2680 1816 2739 sonitum
1835 2677 1988 2753 placidae

223 2794 324 2855 aquae
346 2777 426 2851 (scil.
449 2779 630 2849 silurorum,
653 2782 687 2836 ut
709 2776 871 2837 Dissenius
886 2775 1156 2853 interpretaturl')
1174 2794 1286 2838 somno
1306 2779 1503 2839 conciliando
1519 2779 1717 2856 aptissimum
1733 2793 1803 2836 esse
1818 2776 1987 2851 unusquis·

225 2892 288 2952 que
308 2876 427 2951 optime
446 2875 579 2947 tenebit,
601 2877 645 2934 ita
666 2892 724 2951 ego
747 2874 876 2950 quidem
898 2892 959 2935 non
982 2876 1140 2951 intellego,
1165 2876 1324 2952 quomodo
1346 2876 1472 2952 pelidae
1494 2895 1597 2953 aquae
1617 2876 1749 2934 hiberno
1764 2880 1873 2932 aristro
1895 2873 1988 2948 fresae

224 2991 335 3034 somno
362 2973 508 3033 ducendo
537 2973 709 3048 quicquam
735 2972 908 3032 adiumenti
940 2974 1062 3049 possint
1077 2973 1211 3033 adierre.
1251 2974 1331 3045 Quid
1346 2990 1422 3034 vero
1437 2973 1498 3034 dici
1518 2980 1625 3051 potest
1645 2975 1748 3050 aptius
1770 2989 1866 3048 quam
1881 2973 1989 3046 iprem

225 3073 351 3147 „calore
376 3088 435 3131 suo
452 3069 595 3129 membra
609 3071 809 3131 solventem“
824 3071 951 3132 allicere
965 3072 1137 3131 somnum‘l
1152 3072 1272 3132 Deinde
1286 3080 1412 3149 tempus
1423 3071 1559 3132 hiemale
1573 3071 1735 3131 vocabulis
1745 3069 1868 3145 pelides
1883 3067 1988 3127 hiber-

224 3189 286 3229 mta
295 3177 361 3230 tam
372 3170 509 3245 graviter
518 3170 660 3244 eiiertur,
673 3178 706 3231 ut
718 3172 791 3245 ipae
807 3173 958 3248 optimam
973 3178 1005 3231 et
1019 3187 1121 3248 paene
1134 3172 1347 3231 necessariam
1363 3173 1516 3249 exprimat
1532 3171 1762 3247 oppositionem
1775 3169 1857 3228 inter
1869 3167 1989 3245 gelidas

225 3268 294 3327 illas
304 3272 512 3342 tempestates
523 3268 618 3327 soris
630 3271 809 3329 saevientes
821 3275 853 3329 et
863 3271 967 3344 ignem
980 3271 1085 3329 intus
1096 3270 1128 3328 in
1138 3269 1208 3330 ioco
1221 3271 1381 3330 lucentem
1392 3277 1425 3331 et
1436 3269 1771 3345 calefacientem(cl.v.
1782 3266 1823 3342 6).
1846 3267 1989 3342 Denique

224 3382 371 3425 securtrm
385 3380 465 3424 voce
480 3366 553 3440 ipre
567 3368 729 3442 praeclare
744 3369 928 3442 illustratur,
944 3368 1060 3444 quippe
1075 3384 1148 3428 cum
1169 3369 1236 3445 ipse
1251 3370 1332 3445 ignis
1352 3386 1502 3430 secumm
1521 3366 1665 3428 reddata
1679 3364 1791 3442 gelidis
1809 3364 1871 3424 illis
1887 3362 1990 3424 hiber·

224 3464 339 3540 nisque
352 3464 606 3538 tempestatibus.
641 3462 746 3523 imbre
768 3471 875 3525 autem
891 3482 929 3525 ex
946 3468 1128 3525 coniectura
1143 3465 1260 3527 librarii
1276 3468 1452 3543 proiectum
1467 3483 1539 3526 esse
1554 3483 1617 3525 non
1632 3469 1691 3537 est,
1706 3463 1791 3540 quod
1806 3478 1880 3523 cum
1894 3463 1986 3522 Ross-

224 3560 333 3639 bergio
344 3567 531 3634 statuamus,
544 3562 627 3636 quia,
639 3567 674 3620 ut
685 3567 773 3621 recte
785 3561 860 3621 dicit
869 3559 1248 3634 Broukhusius,imbrets)
1261 3569 1293 3623 et
1304 3563 1422 3640 iprae)
1432 3564 1566 3639 soepein
1577 3559 1990 3621 codicibusconfunduntur.

332 3661 440 3732 Portu,
472 3662 618 3736 quamvis
648 3666 735 3720 recte
767 3660 886 3720 iudicet
907 3661 1116 3736 Rossbergius
1150 3661 1344 3740 lectiones
1376 3662 1558 3738 quasdam
1590 3659 1715 3720 codici
1742 3656 1768 3717 G
1796 3658 1990 3718 immixtas

228 3775 294 3834 per
320 3776 467 3819 manum
489 3761 755 3820 recentiorem
776 3760 965 3836 scripturam
984 3761 1195 3836 antiquiorem
1217 3761 1356 3826 radendo
1371 3761 1582 3836 expellentem
1598 3758 1714 3818 nullius
1729 3774 1801 3816 esse
1816 3755 1856 3817 ad
1866 3760 1989 3815 textum

223 3855 426 3917 iudicandum
448 3861 612 3932 momenti,
635 3865 744 3919 tamen
766 3877 829 3920 non
851 3859 953 3933 video,
975 3875 1033 3918 cur
1059 3857 1120 3919 hoc
1141 3860 1246 3935 ipsum
1268 3861 1405 3935 primum
1426 3858 1574 3929 attulerit,
1583 3853 1609 3931 8)
1630 3862 1666 3916 ut
1686 3856 1878 3916 sententiam
1899 3872 1991 3915 suam

224 3951 264 4012 de
285 3955 354 4014 cod.
377 3954 412 4014 G.
435 3957 536 4030 pretio
558 3956 714 4032 prolatam
736 3957 971 4033 comprobaret3
995 3973 1134 4032 namque
1155 3956 1275 4017 codicis
1297 3958 1430 4017 alicuius
1456 3955 1627 4016 auctoritas
1655 3954 1732 4013 solis
1758 3970 1797 4013 ex
1822 3954 1989 4029 primariae

223 4071 337 4115 uranus
360 4056 549 4115 lectionibus
571 4062 677 4131 potest
698 4058 878 4117 existimari.
917 4057 1026 4132 Neque
1049 4058 1217 4132 quisquam
1239 4055 1421 4115 inlitiahitur
1442 4071 1499 4130 per
1519 4070 1648 4113 manum
1671 4053 1757 4113 illam
1779 4053 1991 4113 recentiorem

225 4286 437 4297 -..-...-...-.

336 4453 356 4520 ¹)
376 4471 406 4523 p.
426 4454 469 4510 75.

337 4544 359 4611 ²)
378 4546 493 4602 scholia
512 4549 540 4605 in
560 4548 708 4604 Tibullum
725 4549 762 4603 ci.
782 4563 830 4618 op.
851 4546 886 4617 ll,
904 4562 932 4617 p.
950 4548 1004 4603 878
1023 4550 1070 4604 ed.
1089 4547 1244 4603 Ruhnken.

336 4633 358 4697 ⁸)
377 4635 555 4691 Broukhusii
576 4637 669 4692 editio
687 4637 851 4691 Tibulliana
870 4635 941 4690 mihi
962 4642 1082 4704 praesto
1101 4650 1159 4690 non
1180 4636 1241 4689 luit.

335 4724 357 4791 ⁴)
377 4726 494 4778 observ.
513 4740 542 4792 p.
562 4724 605 4778 it.

332 4812 355 4879 ⁰)
374 4812 492 4867 diatrlh.
512 4814 585 4868 Stat.
603 4828 630 4881 p.
649 4811 711 4868 435.

333 4900 355 4963 ⁶)
375 4909 531 4956 comment.
553 4916 580 4969 p.
600 4900 643 4955 il.

334 4989 357 5045 ⁷t
378 4993 424 5045 ad.
444 4991 504 5046 Tib.
523 4990 545 5060 l,
564 4989 636 5061 281,
655 5007 682 5060 p.
701 4992 744 5046 55.

334 5077 356 5145 ⁸)
377 5096 404 5149 p.
425 5079 467 5135 74.
