4732 5746
1009 327 1207 387 ..13-

437 512 474 586 11,
495 513 566 586 aad
587 511 649 571 illa
671 519 762 587 perot
783 514 879 570 uestes
901 509 1018 585 thurios,
1042 528 1235 589 quamquam
1257 513 1364 575 dicere
1385 515 1487 591 potuit
1509 509 1614 571 etates
1635 516 1731 572 vestes

436 611 473 685 ΙΙ,
494 612 565 683 l‚53
589 608 675 681 Quin
699 612 798 668 etium
820 609 906 668 sedes
928 608 1031 669 {tutat
1134 657 1152 685 „
1296 657 1315 686 ‚,
1428 656 1445 683 ‚,
1508 607 1612 668 iubeat
1633 611 1718 669 sedes
1811 606 1814 611 ’

342 713 518 789 posteriore

437 813 474 885 ΙΙ,
495 809 562 884 4,(41
589 806 1117 884 Qec-intuatuuct'ritducsspecteitt
1138 855 1156 882 „
1300 855 1317 881 ‚,
1430 856 1447 881 „
1510 811 1646 884 spectent
1668 806 1793 867 trinitatis

439 910 475 984 ll,
496 909 566 983 6,43
587 903 651 964 Nec
663 906 809 965 lacrimis
820 905 922 965 tetrus
933 907 1089 982 dtprruest
1132 953 1149 981 „
1292 953 1309 980 „
1425 953 1442 978 ‚,
1504 907 1672 982 dipttti'est
1693 903 1793 965 botilde

438 1008 475 1081 ΙΙ,
496 1008 565 1081 qis
585 1002 947 1065 Lerrarreratmtstrum
963 1003 1093 1078 Phryne
1130 1050 1147 1077 ‚,
1291 1050 1307 1078 „
1420 1049 1437 1076 „
1499 1002 1631 1077 Phryne
1653 1001 1802 1062 mishrt'uu

224 1125 346 1198 Quibus
378 1141 417 1184 ex
460 1124 612 1200 exemplis
650 1124 800 1199 quoniam
838 1127 983 1196 apertum
1015 1127 1064 1180 est
1106 1127 1276 1196 utrumque
1314 1118 1444 1180 schema
1480 1123 1648 1181 metricum
1684 1138 1703 1179 a
1737 1128 1831 1197 poeta
1870 1125 1989 1198 pariter

224 1229 411 1300 usurpatum
433 1237 512 1296 esse,
539 1219 599 1280 hac
626 1237 664 1280 ex
691 1225 792 1297 parte,
819 1217 894 1294 quid
923 1218 1130 1278 statuendum
1156 1220 1205 1292 sit,
1232 1219 1440 1295 pervestigari
1466 1218 1607 1294 nequit·
1633 1219 1766 1295 Propius
1796 1221 1988 1281 accedemus

226 1323 264 1382 ad
287 1323 458 1393 veritatem,
484 1320 511 1379 si
538 1335 745 1395 quaeremus,
773 1324 879 1377 utrum
903 1316 1068 1392 promissa
1095 1332 1135 1374 au
1163 1316 1245 1373 milri
1273 1332 1346 1376 cum
1372 1317 1551 1391 insequenti
1578 1316 1677 1377 verbo
1705 1317 1904 1378 substantivo
1930 1336 1987 1395 pro

227 1421 337 1481 Tibulli
358 1417 590 1479 consuetudine
611 1417 715 1492 aptius
737 1417 902 1487 coalescat,
925 1414 954 1473 id
979 1413 1064 1489 quod
1086 1412 1148 1473 hoo
1169 1413 1315 1490 exemplo
1336 1414 1368 1472 in
1390 1414 1476 1473 clara
1496 1415 1713 1475 conlocabitur
1734 1416 1819 1475 luce:

652 1514 674 1586 Ι,
695 1513 763 1587 8,57
784 1511 868 1570 Nota
894 1509 997 1569 Venus
1018 1511 1143 1586 furtivo
1165 1512 1264 1569 milri
1287 1518 1342 1568 est
1363 1557 1370 1570 .
1393 1557 1400 1570 .
1423 1557 1429 1570 .

222 1613 274 1673 ubi
296 1610 395 1674 habes
417 1611 559 1673 eundem
580 1610 750 1670 verborum
771 1609 926 1682 ordinem,
948 1609 1033 1669 idem
1055 1617 1195 1670 metrum
1216 1617 1313 1684 atque
1334 1609 1365 1667 in
1388 1625 1426 1669 eo
1448 1626 1554 1682 versu,
1577 1611 1704 1685 qualem
1727 1611 1795 1670 ood.
1811 1611 1837 1672 G
1852 1611 1987 1675 exhibet.

220 1712 330 1788 Itaque
349 1711 446 1771 huius
467 1710 638 1768 lectionem
660 1724 714 1784 pro
736 1723 814 1768 vera
834 1706 1092 1793 habebimus.-

327 1809 433 1870 Nibilo
454 1815 563 1868 tamen
582 1808 681 1867 setius
701 1807 850 1866 omnibus
872 1807 961 1879 locis,
984 1806 1100 1882 quibus
1124 1805 1193 1865 cod.
1209 1805 1235 1865 G
1251 1806 1422 1866 verborum
1437 1807 1687 1867 conlocationem
1703 1808 1835 1883 praebet
1856 1827 1875 1870 a
1895 1809 1987 1870 codd.

222 1911 274 1970 lv
297 1910 470 1981 diversam,
498 1906 548 1966 illa
571 1911 659 1964 recta
685 1910 790 1981 potest
818 1906 998 1964 existimari.
1051 1905 1162 1979 Neque
1191 1904 1222 1963 id
1248 1906 1373 1964 mirum.
1421 1906 1574 1978 Quoniam
1600 1908 1684 1966 enim
1711 1908 1743 1966 in
1769 1906 1837 1966 aliis
1859 1924 1987 1985 quoque

223 2006 389 2069 codicibus
415 2005 534 2082 pristini
556 2003 728 2063 verborum
749 2003 866 2064 ordinis
888 2019 955 2079 per
977 2003 1230 2062 librariorum
1251 2003 1472 2064 socordiam
1486 2006 1603 2065 turbati
1619 2007 1763 2082 exempla
1776 2007 1986 2081 reperiuntur,

227 2123 284 2166 cur
301 2105 431 2167 tandem
453 2103 632 2178 Rossbergii
654 2103 753 2177 gratia
780 2102 946 2177 opinemur
972 2101 1042 2160 cod.
1073 2099 1099 2158 G
1128 2102 1165 2159 iis
1195 2100 1328 2161 carere‘l
1362 2102 1426 2162 lam
1457 2120 1553 2180 supra
1579 2105 1666 2180 attigi
1694 2106 1798 2164 locum
1826 2111 1986 2165 extantem

224 2203 263 2264 de
285 2203 370 2280 Sulp.
391 2208 423 2263 et
444 2198 583 2262 Ceriutb.
605 2216 703 2260 amor.
727 2199 785 2272 tu,
809 2198 862 2258 ubi
886 2199 981 2258 codd.
997 2200 1050 2257 AV
1066 2200 1161 2260 lectio
1180 2217 1241 2275 per
1262 2205 1291 2256 te
1312 2216 1369 2276 pro
1391 2206 1420 2258 te
1440 2219 1499 2276 per
1518 2201 1571 2278 (G)
1587 2209 1618 2262 et
1640 2194 1797 2262 stabilitur
1810 2202 1986 2279 fragmento

225 2301 388 2362 Cuiaciano
410 2305 443 2359 et
464 2297 690 2373 comprobatur
710 2298 802 2356 simili
826 2297 894 2356 loco
918 2297 939 2368 l,
961 2296 1019 2369 5‚7,
1054 2297 1105 2356 ubi
1121 2292 1159 2356 in
1182 2295 1251 2355 cod.
1275 2296 1299 2356 G
1323 2304 1411 2357 recte
1438 2297 1570 2374 legimus
1595 2317 1654 2374 prr
1681 2308 1725 2375 te,
1755 2316 1829 2360 cum
1856 2301 1908 2359 AV
1929 2316 1987 2376 per

225 2398 441 2475 corruptelam,
464 2412 560 2472 quam
584 2412 622 2455 ex
644 2411 739 2454 versu
760 2396 891 2454 ineunte
912 2401 1057 2469 apertum
1079 2401 1128 2454 est
1149 2396 1327 2470 irrepsisse,
1349 2394 1517 2456 exhibeant
1535 2414 1643 2471 parce.

327 2493 449 2556 Deinde
470 2493 493 2567 l,
514 2493 594 2566 aad,
616 2491 671 2551 ubi
690 2492 840 2552 traditum
864 2499 912 2552 est
935 2494 965 2551 in

733 2590 758 2650 G
781 2591 863 2649 Ante
884 2591 987 2666 force
1010 2589 1076 2648 lino
1099 2596 1179 2648 tectu
1201 2609 1332 2650 sacros
1354 2591 1459 2650 sedeat

710 2690 763 2749 AV
804 2736 826 2763 „
875 2707 1054 2762 socrus„
1129 2735 1151 2763 „
1199 2690 1309 2765 fores
1385 2736 1407 2764 ‚,

220 2790 390 2867 quominus
413 2804 487 2849 cum
508 2788 577 2849 cod.
600 2787 625 2848 G
647 2789 808 2863 iaciamus
836 2789 896 2863 illa,
926 2805 1021 2864 quam
1049 2796 1161 2865 poetae
1189 2790 1319 2865 elegiaci
1341 2791 1432 2865 sequi
1458 2791 1571 2864 solent,
1597 2791 1729 2867 impedit
1754 2793 1872 2868 regula,
1901 2792 1987 2851 utin

221 2890 326 2966 priore
347 2887 538 2964 pentametri
558 2888 702 2948 membro
725 2888 925 2961 adiectivum,
948 2888 1190 2962 substantivum,
1206 2888 1244 2949 ad
1262 2890 1346 2963 quod
1362 2889 1437 2949 illud
1453 2889 1597 2962 refertur,
1616 2891 1647 2949 in
1668 2893 1844 2965 posteriore
1859 2897 1986 2968 ponant.

222 2988 315 3048 Hunc
335 2992 443 3046 autem
466 3002 558 3045 usum
578 2992 745 3062 propterea
767 2985 1012 3060 supersedemus
1029 2986 1181 3061 exemplis
1194 2987 1361 3062 illustrare,
1381 2988 1465 3063 quod
1488 3004 1680 3063 unoquoque
1701 2987 1768 3047 fere
1788 2995 1987 3064 pentametro

223 3101 297 3146 eum
318 3084 499 3144 invenimus
521 3082 804 3159 compr·0batun1.¹)

326 3182 350 3256 1,
371 3180 450 3256 9,53,
472 3180 525 3240 ubi
547 3179 697 3241 exhibent

562 3278 615 3338 AV
637 3279 677 3337 At
700 3284 737 3352 tc,
760 3280 815 3354 qui
835 3297 1003 3355 puerum
1026 3279 1135 3338 donis
1157 3298 1362 3358 corrumpere
1384 3301 1414 3342 cs
1436 3301 1533 3341 cresus

218 3441 226 3449 ,
578 3374 605 3435 G
649 3421 671 3451 „
704 3422 726 3450 „
778 3424 800 3450 „
833 3377 1130 3454 dorus-pueram.
1241 3426 1262 3455 „
1395 3443 1401 3455 .
1469 3429 1490 3455 „

222 3476 289 3536 sola
309 3476 442 3537 metrica
463 3475 650 3549 differentia,
665 3492 747 3552 quae
766 3476 952 3550 intercedat,
975 3484 1126 3536 accurate
1143 3478 1346 3553 ponderanda
1367 3480 1540 3541 diiudicare
1562 3483 1744 3558 poterimus,
1760 3490 1830 3544 utra
1850 3484 1891 3543 sit
1911 3499 1988 3544 vera

223 3575 386 3650 scriptura.
427 3575 532 3651 Atque
555 3570 634 3634 haec
656 3575 781 3634 diversa
804 3576 888 3634 inter
910 3592 945 3635 se
967 3573 1121 3634 habemus
1143 3574 1306 3636 schemata
1327 3581 1458 3639 metrica

757 3691 809 3749 AV
832 3706 1193 3750 μ----Γι)υ------
1225 3717 1452 3754 -—-co-u

771 3770 804 3847 G,
829 3749 1195 3849 -—-[—-oo-
1224 3798 1452 3835 —-oo—o

220 3868 358 3962 quorum
380 3888 412 3945 in
434 3889 538 3964 priore
557 3904 619 3949 vox
645 3893 847 3966 anapaestica
872 3892 1044 3967 (priorum)
1066 3890 1228 3950 antecedit
1254 3908 1368 3951 rocem
1395 3892 1601 3967 spondiacam
1630 3891 1764 3969 (doliis),
1788 3894 1931 3969 sequitur
1955 3894 1986 3952 iu

218 3985 405 4060 posteriore.
448 3985 514 4047 Iam
535 3993 570 4049 ut
591 3987 788 4063 indagemus,
814 3996 916 4050 utram
939 3991 1105 4048 metricam
1129 3989 1264 4048 formam
1286 3997 1379 4065 poeta
1399 3991 1540 4050 alterutri
1563 3991 1756 4066 praetulerit,
1784 3992 1812 4050 ei
1838 3992 1987 4051 nimirum

221 4081 339 4158 aliquid
361 4083 514 4145 valebunt
534 4103 655 4160 versus,
677 4089 840 4162 inquibus
862 4094 1030 4162 utramque
1046 4088 1184 4163 potuerit
1199 4086 1350 4147 adhibere
1373 4094 1474 4163 poeta,
1490 4088 1674 4147 alterutram
1689 4089 1846 4162 selegerit.
1883 4089 1987 4164 Atque

221 4173 300 4241 ha'ec
320 4198 513 4258 percenseas
533 4186 678 4260 exempla

597 4282 618 4354 l,
640 4283 708 4347 3.87
731 4283 776 4340 Ar
797 4284 882 4339 cirin
906 4281 1085 4358 prriribtis
1106 4286 1237 4359 pausis
1259 4282 1363 4360 uffiru
1383 4282 1503 4358 puello.

597 4380 619 4453 Ι,
641 4382 705 4452 <till
735 4380 835 4454 Eheu,
858 4399 956 4455 quma
980 4379 1178 4439 litaturus
1200 4382 1302 4439 leuto
1322 4401 1372 4438 ute
1394 4387 1516 4456 torquet
1539 4381 1665 4440 stratore!

596 4479 619 4550 l,
640 4479 710 4550 ude
731 4479 770 4536 Ar
794 4486 839 4550 tu,
864 4479 919 4553 qui
939 4476 1067 4554 potior
1090 4483 1187 4536 utino
1208 4482 1258 4550 es,
1283 4498 1355 4537 mco
1376 4479 1446 4554 futu
1470 4480 1588 4537 tillicto.

581 4576 616 4645 ΙΙ,
639 4577 709 4649 3,58
733 4577 785 4635 ΙΙΙί
808 4578 871 4634 sint
894 4574 1052 4634 chartres
1074 4578 1192 4652 susci,
1216 4596 1293 4653 quos
1315 4576 1414 4634 ludia
1436 4583 1543 4636 torret.

223 4683 344 4756 Quibus
364 4687 509 4750 omnibus
525 4692 554 4749 in
577 4692 723 4753 versibus
744 4695 831 4770 prius
853 4699 1000 4766 metrum,
1023 4693 1108 4768 quod
1124 4691 1277 4753 habemus
1298 4695 1329 4753 in
1345 4709 1439 4751 versu
1462 4691 1623 4752 codicibus
1638 4693 1689 4751 AV
1713 4686 1839 4768 tradito,
1860 4700 1987 4770 poetam

221 4783 379 4843 scientem
400 4792 589 4870 praetulisse
609 4791 685 4851 inde
705 4793 908 4852 manifestum
931 4797 988 4864 est,
1011 4791 1095 4867 quod
1117 4792 1160 4851 nil
1182 4792 1313 4866 obstitit,
1335 4793 1504 4867 quominus
1526 4792 1646 4852 diceret

332 5078 353 5146 ¹)
373 5080 433 5135 liac
452 5082 490 5136 de
510 5095 542 5137 re
562 5085 638 5138 bene
657 5084 799 5139 disseruit
818 5084 969 5155 Gruppius
988 5087 1058 5155 „Die
1079 5085 1228 5142 rbmisclre
1248 5086 1367 5157 Elegie‘·
1387 5090 1408 5154 l,
1427 5103 1452 5155 p.
1472 5086 1515 5142 90.
