4732 5746
1145 284 1345 343 ..pg-

201 474 223 542 1,
242 476 306 549 993
363 470 427 533 huc
447 471 522 532 illue
542 475 665 530 textum
685 475 773 529 recte
794 469 974 528 restitutum
1001 484 1082 542 esse,
1109 468 1197 529 velut
1217 468 1239 543 Ι,
1265 469 1450 542 99300001
1476 486 1533 547 pro
1558 469 1722 548 archetypi
1748 472 1884 534 lectione
1910 474 2008 547 decet,
2036 475 2124 551 quod

363 570 494 647 quidem
514 566 727 629 Baehrensius
754 571 865 626 censet
890 581 984 642 posse
1011 567 1149 640 retineri,
1171 566 1198 626 si
1224 583 1274 626 vv.
1295 566 1336 627 99
1357 574 1389 627 et
1409 569 1449 629 30
1476 585 1535 628 suo
1562 569 1633 629 loco
1659 569 1780 630 alienos
1808 576 1879 647 post
1907 588 1934 630 v.
1956 573 1996 632 99
2016 577 2120 632 trans·

360 668 571 748 posuerimus.
614 665 716 738 Quam
737 662 817 725 haec
837 680 989 741 perversa
1010 665 1051 723 sit
1071 666 1239 738 sententia,
1262 666 1380 742 liquido
1396 667 1570 743 adparebit,
1592 669 1618 728 si
1638 669 1867 728 sententiarum
1889 685 2006 730 nexum
2026 686 2123 731 accu-

358 767 465 849 ratius¹
478 764 723 842 respexerimus.
765 763 863 823 Poeta
884 763 979 833 enim,
1001 763 1055 837 qui
1076 768 1223 823 versatur
1244 764 1276 824 in
1296 764 1402 824 verbis
1423 765 1617 825 illustrandis
1638 764 1748 824 Fortes
1769 764 1904 824 adiuvat
1926 767 1998 843 ipso
2016 765 2123 828 Venus

359 880 399 925 ea
419 861 619 941 progreditur
638 854 690 922 via
711 859 962 936 argumentandi,
984 865 1018 919 ut
1039 861 1178 936 primum
1199 861 1263 940 (vv.
1291 862 1423 938 17-99)
1445 864 1576 924 alteram
1605 864 1688 924 illius
1714 866 1891 925 sententiae
1917 873 2041 942 partem
2066 883 2121 927 ex·

357 964 466 1041 planet
488 964 623 1023 adiuuat
644 966 734 1040 ipsa
760 960 1021 1045 Venoquuem
1048 962 1086 1021 ad
1114 962 1211 1022 finem
1237 963 1425 1038 pronomine
1454 963 1511 1022 itta
1537 979 1689 1022 versuum
1712 963 1759 1036 17,
1780 962 1829 1035 19,
1849 962 1898 1038 90,
1919 964 1955 1025 91
1979 966 2011 1024 in
2032 966 2122 1026 initio

359 1064 461 1140 posito
493 1064 591 1140 ipsius
617 1061 748 1123 Veneris
774 1076 945 1137 personam
972 1061 1110 1119 maxima
1135 1075 1209 1119 cum
1240 1062 1293 1121 vla
1323 1066 1418 1136 atque
1445 1061 1600 1137 gravitate
1627 1060 1756 1121 extollit.
1804 1061 1925 1122 Deinde
1950 1068 2122 1140 postquam

359 1163 487 1223 omnino
509 1161 549 1223 de
570 1160 692 1221 Venere
713 1161 783 1237 ipsa
803 1157 997 1219 amatoribus
1018 1158 1144 1218 favente
1166 1158 1263 1219 verba
1283 1157 1368 1232 fecit,
1388 1159 1496 1219 iudea
1516 1176 1612 1220 versu
1632 1161 1672 1221 93
1686 1161 1803 1225 transit
1820 1160 1859 1221 ad
1880 1161 2014 1221 alteram
2034 1161 2121 1222 illius

357 1263 536 1322 sententiae
557 1266 680 1336 partem
702 1257 822 1333 fortes
844 1255 980 1314 adiuvat
1001 1256 1073 1332 ipso
1100 1253 1214 1328 Venus,
1237 1272 1303 1315 non
1324 1272 1445 1327 00000,
1466 1257 1552 1316 solos
1575 1258 1682 1330 sortes,
1704 1275 1781 1333 quos
1797 1275 1853 1315 nee
1867 1259 1988 1316 inertia
2008 1258 2124 1318 tardat

357 1377 384 1421 e.
407 1376 437 1436 q.
459 1376 498 1433 s.,
524 1358 577 1434 qui
597 1363 800 1417 transcursus
831 1355 996 1431 aptissime
1028 1353 1063 1413 tit
1084 1353 1190 1412 verbis
1221 1370 1278 1410 nec
1309 1352 1411 1412 docet
1447 1354 1504 1412 hoc
1534 1372 1642 1414 omines
1671 1363 1780 1431 aperte
1807 1357 2048 1431 respicientibus
2077 1357 2122 1418 ad

355 1473 386 1516 v.
420 1456 460 1517 19
495 1455 617 1515 initium
657 1453 717 1513 illo
758 1452 878 1513 docet.
943 1453 1034 1513 Hunc
1068 1458 1176 1511 autem
1213 1468 1327 1512 sensus
1364 1468 1496 1525 nexum,
1540 1469 1637 1529 quem
1674 1453 1763 1513 vides
1794 1454 2013 1531 planissimum
2047 1472 2123 1516 esse

360 1560 456 1631 atque
484 1553 690 1626 artissimum,
715 1551 861 1612 versibus
891 1551 983 1612 9930
1011 1550 1186 1610 interiectis
1221 1549 1303 1608 ultro
1339 1549 1470 1625 adparet
1497 1550 1589 1611 foede
1621 1550 1741 1611 turbari
1771 1558 1868 1628 atque
1890 1552 1996 1613 deleri.
2039 1552 2123 1625 Quid

362 1659 469 1713 autem
494 1650 699 1712 statuendum
733 1651 774 1709 sit
810 1648 850 1709 de
881 1647 1064 1709 Baehrensii
1100 1648 1268 1720 sententia,
1300 1663 1363 1723 qua
1389 1655 1477 1724 putat
1508 1665 1558 1708 vv.
1590 1648 1681 1710 9930
1706 1667 1764 1709 suo
1794 1651 1863 1709 loco
1894 1651 2015 1712 alienos
2048 1668 2125 1712 esse

360 1751 469 1811 videas
490 1750 585 1810 velim
606 1750 687 1810 inira
702 1766 732 1826 p.
748 1749 789 1810 34
802 1748 862 1809 sub
878 1749 935 1808 No.
951 1746 1002 1809 IV.
1029 1747 1095 1807 Neo
1110 1749 1214 1807 minus
1240 1753 1326 1807 recte
1343 1780 1382 1792 -
1395 1754 1430 1808 ut
1455 1750 1552 1809 etiam
1578 1747 1638 1809 hoc
1667 1751 1700 1809 in
1718 1756 1902 1810 transcursu
1914 1765 2061 1809 moneam
2083 1781 2124 1792 —

355 1847 436 1910 haec
465 1850 564 1911 altera
592 1848 711 1909 codicis
739 1847 765 1907 G
793 1864 907 1908 manus
933 1847 956 1921 1,
984 1847 1054 1928 8‚17
1078 1864 1159 1903 000
1187 1850 1217 1903 te
1241 1844 1438 1920 pallentibus
1460 1846 1565 1905 herbis
1588 1893 1595 1905 .
1619 1893 1625 1906 .
1646 1846 1793 1906 deuouit.
1817 1865 1908 1906 ,anus
1930 1846 2065 1907 correxit
2087 1847 2125 1907 in

246 2006 252 2033 ⁸
352 1946 560 2032 pollentibus,
584 1946 734 2022 quoniam
754 1943 815 2006 hoc
840 1946 910 2005 loco
931 1945 1000 2005 sola
1020 1945 1061 2004 de
1075 1944 1106 2002 vi
1135 1948 1168 2002 et
1188 1943 1331 2017 potentia
1344 1943 1540 2019 magicarum
1561 1960 1668 2004 rerum
1689 1943 1826 2023 agitur1)

784 2064 822 2123 cl.
846 2062 936 2123 Ovid.
958 2063 1040 2123 Fast.
1061 2062 1099 2135 ΙΙ,
1120 2063 1181 2122 495
1202 2106 1209 2120 .
1232 2106 1239 2120 .
1262 2105 1270 2121 .
1292 2106 1299 2121 .
1322 2107 1329 2122 .
1351 2106 1359 2122 .
1380 2079 1445 2118 000
1467 2064 1501 2117 tu
1520 2059 1761 2136 pollentibus
1783 2060 1885 2120 herbis

776 2184 780 2199 ·
1102 2157 1165 2217 Nec
1183 2175 1274 2235 prece
1296 2175 1352 2215 ricc
1372 2157 1494 2232 magico
1515 2158 1658 2216 carmine
1679 2162 1780 2218 mater
1801 2157 1875 2218 eris.

354 2258 481 2320 Metam.
504 2259 554 2333 IV,
573 2258 626 2333 493
647 2258 738 2335 Verg.
760 2260 839 2319 Aen.
860 2257 923 2330 Vll,
950 2256 1004 2331 19;
1038 2255 1103 2330 XII,
1120 2257 1180 2318 409
1202 2254 1418 2332 potentibus
1441 2253 1542 2314 herbis

460 2426 551 2488 Nunc
572 2443 648 2488 vero
669 2427 708 2486 ad
731 2443 785 2487 eos
806 2432 1006 2486 transeamus
1027 2424 1123 2499 locos,
1145 2425 1199 2485 ubi
1221 2424 1396 2485 codicem
1423 2425 1591 2485 Grevera
1610 2425 1894 2501 interpolatum
1915 2441 2004 2486 esse
2023 2429 2118 2489 certis

354 2523 564 2586 demonstrari
584 2531 691 2603 potest
712 2523 915 2601 argumentis.
958 2525 1062 2600 Atque
1083 2524 1205 2583 initium
1227 2524 1350 2599 capiam
1372 2522 1475 2583 aloco
1497 2523 1634 2599 quodam
1656 2523 1819 2599 aptissimo
1840 2528 1873 2583 et
1887 2524 2069 2601 Rossbergii
2082 2532 2113 2585 et

352 2621 535 2684 Baehrensii
557 2624 712 2684 rationem
733 2622 773 2683 ad
793 2622 1013 2683 illustrandam
1034 2627 1129 2698 atque
1151 2621 1332 2694 notandam,
1354 2621 1437 2680 illius
1457 2621 1596 2697 quidem,
1622 2623 1685 2698 qui,
1707 2628 1741 2682 ut
1762 2621 1831 2681 cod.
1858 2622 1884 2683 G
1906 2629 2026 2683 statum
2044 2638 2110 2683 cor·

352 2727 481 2799 ruptum
495 2723 630 2795 evincat,
651 2723 758 2781 omnia
778 2721 925 2781 moliatur
946 2725 1042 2796 atque
1064 2719 1104 2780 ad
1125 2721 1231 2779 omnia
1245 2717 1427 2791 descendat,
1450 2720 1596 2795 neglegat
1616 2720 1696 2779 tales
1718 2720 1814 2793 lucae,
1836 2720 1890 2781 ubi
1911 2719 2103 2798 interpolatio

354 2818 518 2879 evidenter
542 2825 649 2896 potest
676 2819 891 2896 comprobari3
917 2816 1021 2892 huius,
1043 2818 1350 2895 quisaepenumero
1371 2815 1517 2876 codicum
1539 2817 1592 2877 AV
1612 2819 1750 2894 integras
1776 2817 1949 2895 scripturas
1974 2821 2107 2896 interpo-

353 2917 432 2976 latas
454 2915 624 2977 arbitratus
645 2923 766 2978 temere
786 2923 939 2992 sequatur
961 2916 1029 2975 cod.
1052 2914 1087 2974 G.
1130 2915 1277 2992 Legimus
1299 2915 1392 2991 igitur
1411 2913 1435 2988 1,
1455 2915 1576 2988 95159

748 3031 784 3094 51
884 3029 964 3090 Cum
986 3027 1058 3089 libet
1079 3030 1155 3088 baec
1175 3028 1259 3088 tristi
1281 3029 1409 3107 depellit
1428 3029 1543 3088 nubilo
1562 3029 1647 3088 caelo

747 3131 788 3192 59
809 3129 862 3190 AV
884 3127 965 3188 Cum
986 3126 1057 3189 libet
1078 3126 1227 3186 aestiuo
1249 3131 1397 3186 conuocat
1417 3125 1503 3185 orbe
1523 3128 1612 3185 nives
1680 3179 1687 3193 ‚

827 3225 854 3286 G
919 3271 938 3300 „
1009 3271 1027 3299 „
1069 3223 1241 3282 aestivas
1307 3271 1325 3299 ‚‚
1407 3241 1470 3282 ore
1551 3270 1569 3299 „

353 3343 455 3417 Quam
477 3342 687 3404 differentiam
709 3341 913 3419 perspicuum
934 3348 983 3401 est
1004 3356 1061 3417 per
1081 3339 1279 3401 librariorum
1302 3341 1534 3416 neglegentiam
1559 3347 1661 3402 ortam
1688 3357 1761 3402 esse
1782 3358 1845 3401 non
1866 3359 1970 3419 posse.
2011 3340 2113 3415 Quae·

352 3442 440 3516 ntur,
468 3447 540 3502 utra
563 3440 681 3500 familia
707 3439 853 3501 codicum
878 3438 941 3501 hoc
966 3440 1036 3499 loco
1061 3439 1293 3515 interpolationi
1321 3438 1455 3499 obnoxia
1486 3442 1526 3500 sit
1558 3439 1713 3502 habenda.
1768 3441 1873 3518 Atque
1899 3441 2109 3504 iamdudum

351 3541 542 3617 interpretes
563 3540 670 3599 locum
691 3538 851 3615 quendam
872 3537 974 3598 Ovidii
995 3535 1280 3597 luculentissimum
1301 3538 1482 3612 attulerunt,
1503 3538 1557 3599 ubi
1578 3540 1655 3599 item
1677 3538 1790 3599 dicitur
1810 3538 1851 3600 de
1870 3540 1989 3617 ingenti
2009 3555 2106 3620 sagae

352 3640 383 3700 vi
405 3645 438 3700 et
457 3638 597 3716 potentia
642 3638 748 3697 Amor.
769 3636 793 3711 1,
813 3635 913 3708 8,9.10
955 3631 1036 3692 com
1055 3632 1713 3710 0010111010910000000000011000010

954 3729 1035 3790 Cum
1055 3730 1155 3790 voluit
1172 3749 1272 3808 puro
1294 3732 1393 3808 fulget
1415 3731 1449 3790 in
1471 3731 1559 3792 orbe
1580 3731 1659 3793 dics.

352 3834 420 3908 Quo
440 3834 511 3894 loco
538 3833 687 3909 quoniam
713 3829 843 3890 Ovidius
869 3829 1027 3890 Tibullum
1053 3830 1220 3889 manifesto
1241 3831 1389 3903 imitatur,
1415 3831 1570 3906 scriptura
1597 3829 1801 3890 aestiuo-orbe
1826 3832 1985 3894 stabilitur
1992 3851 2001 3908 ;
2029 3832 2113 3893 orbis

351 3941 459 3995 autem
483 3932 569 3992 idem
589 3928 745 4005 estquod
767 3928 904 4002 000100,
927 3927 1013 3988 velut
1035 3943 1146 4003 paneg.
1169 3927 1294 3988 Messal.
1315 3928 1375 3990 159

790 4023 855 4086 Seu
872 4025 1010 4102 propior
1030 4025 1125 4083 terris
1146 4024 1339 4083 aestivam
1360 4025 1465 4101 fertur
1486 4026 1521 4082 in
1543 4024 1679 4088 orbem.

350 4126 414 4188 Sed
439 4125 599 4186 accedunt
625 4125 699 4199 alia,
725 4123 839 4201 quibus
861 4123 952 4184 codd.
981 4123 1033 4184 tv
1058 4125 1216 4200 scriptura
1243 4124 1295 4184 vel
1321 4125 1459 4184 maxime
1485 4125 1735 4186 commendetur.
1782 4128 1923 4188 Primum
1949 4130 2034 4189 enlm
2056 4147 2110 4188 ore

348 4224 426 4284 illud
445 4230 512 4285 tam
532 4224 693 4300 superflue
714 4221 814 4284 verbo
835 4227 985 4282 convocat
1005 4220 1187 4297 adpositum
1201 4226 1260 4293 est,
1283 4226 1316 4279 ut
1331 4221 1477 4282 facillime
1493 4239 1530 4282 eo
1545 4225 1704 4300 possimus
1719 4240 1836 4284 carere.
1869 4226 1989 4287 Deinde
2003 4233 2111 4288 autem

350 4318 560 4381 aestiuo-orbe
586 4337 689 4399 paene
709 4322 891 4381 necessario
912 4320 1073 4381 censenda
1094 4320 1154 4379 erit
1175 4319 1313 4395 genuina
1333 4318 1498 4395 scriptura,
1519 4322 1546 4381 si
1568 4329 1800 4399 pentametrum
1828 4340 1902 4384 cum
1923 4324 2108 4386 hexametro

350 4420 631 4496 composuerimus.
673 4418 820 4497 Namque
846 4424 976 4496 apertae
1002 4416 1217 4494 oppositionis,
1239 4432 1321 4493 quae
1342 4424 1431 4479 extat
1455 4420 1538 4480 inter
1564 4419 1643 4480 duos
1670 4436 1793 4494 versae,
1819 4423 1983 4484 acuendae
2008 4429 2107 4499 atquo

350 4517 543 4594 premendae
564 4534 660 4579 causa
679 4534 743 4579 non
765 4518 860 4579 modo
881 4534 1011 4579 versum
1031 4516 1148 4589 versui,
1163 4515 1222 4576 sed
1242 4516 1339 4577 etiam
1359 4518 1458 4578 verba
1471 4517 1578 4578 verbis
1593 4533 1729 4579 nervosa
1743 4521 1956 4582 concinnitate
1978 4537 2109 4598 respou-

350 4614 427 4675 dere
449 4615 547 4675 voluit
568 4622 663 4692 poeta

458 5053 477 5123 ¹)
495 5055 532 5110 ot
551 5055 665 5110 nissen.
684 5057 842 5110 comment.
861 5068 889 5123 p.
909 5051 969 5108 170.
