4612 5760
909 342 1107 402 „93-

606 523 686 583 Cnrn
707 524 778 585 libet
799 526 875 584 lroec
896 526 1004 584 tristi
1025 526 1153 603 depellit
1174 527 1285 588 nrrbilo
1306 528 1410 589 eaelo

631 603 711 717 Cr'un
733 603 803 719 tiber
860 604 1008 719 cesiioo
1041 605 1189 719 conicere
1210 616 1415 724 orffniees.

117 759 294 835 Perperam
316 763 423 815 autem
446 756 575 816 Vossius
587 754 611 832 1)
632 759 663 816 in
686 774 723 817 eo
746 755 856 830 haesit,
878 758 963 832 quod
986 764 1079 833 poeta
1099 775 1208 835 sagam
1223 761 1386 821 induceret
1407 762 1526 820 aestivo
1541 768 1684 838 tempore
1699 762 1787 820 nives
1809 776 1885 819 con·

117 863 299 919 vocantem.
342 854 406 916 Sed
428 856 460 914 in
481 854 542 914 boc
561 857 640 930 ipso,
661 857 781 931 opinor,
804 862 916 931 poetae
931 856 1134 935 cognoscitpr
1148 861 1323 933 consilium,
1345 860 1398 934 qui
1420 858 1459 919 ad
1473 861 1639 935 ingentem
1653 861 1717 919 vim
1732 859 1888 934 magicam

117 954 366 1019 describendam
386 953 462 1013 talia
487 958 670 1028 portentosa
696 969 804 1028 sagam
831 953 930 1030 srugat
958 956 1184 1030 perficientem.
1207 958 1379 1034 -ltaque
1405 974 1469 1016 non
1495 958 1624 1018 codices
1647 958 1701 1017 AV
1726 956 1787 1017 boc
1817 956 1886 1016 loco

118 1072 195 1115 oum
216 1050 446 1128 Baebreusiol)
468 1052 674 1127 interpolatos
695 1050 913 1125 iudicabimus,
935 1052 991 1112 sed
1014 1054 1118 1129 potius
1141 1055 1210 1114 cod.
1232 1054 1268 1114 G.
1311 1055 1476 1128 Quomodo
1498 1063 1608 1117 autem
1637 1063 1708 1116 orta
1729 1056 1770 1115 sit
1791 1056 1887 1115 inter·

119 1154 249 1229 potatio,
270 1142 449 1212 rectissime
470 1153 607 1228 explicat
628 1148 813 1228 Heynius.³)
857 1151 1028 1227 Postquam
1051 1155 1136 1212 enim
1158 1152 1230 1212 orbe
1253 1155 1286 1213 in
1308 1172 1361 1213 ore
1382 1154 1457 1215 abiit
1478 1188 1518 1198 -
1539 1171 1622 1231 quae
1643 1155 1798 1216 vocabula
1819 1169 1889 1229 per·

122 1266 220 1327 saepe
238 1249 477 1310 confunduntur
498 1251 528 1308 in
551 1248 713 1313 codicibus
735 1248 773 1307 of.
796 1264 822 1307 e.
845 1266 873 1325 g.
896 1266 1007 1325 paneg.
1030 1249 1065 1310 71
1083 1283 1122 1292 —
1137 1250 1349 1326 interpolator,
1364 1258 1399 1312 ut
1419 1268 1533 1313 sensus
1563 1253 1763 1329 procederet,
1785 1252 1889 1311 adiec-

123 1350 225 1409 tirum
243 1349 362 1407 aestivo
384 1347 545 1422 adaptavit
565 1348 635 1406 voci
656 1348 754 1404 nives.

228 1446 349 1508 Eadem
375 1447 496 1505 ratione
524 1452 598 1504 nata
622 1445 748 1505 videtur
779 1444 849 1505 cod.
876 1443 902 1503 G
925 1445 1140 1521 interpolatio,
1163 1462 1245 1523 quae
1267 1453 1352 1507 extat
1372 1447 1395 1520 l,
1417 1447 1494 1521 254,
1524 1446 1578 1506 ubi
1604 1447 1743 1522 graviter
1769 1446 1888 1507 discor·

123 1548 198 1609 dant
218 1546 311 1608 codd.

572 1644 624 1703 AV
645 1642 739 1701 Liba
761 1649 790 1701 el
811 1642 974 1720 Mopsopio
996 1642 1108 1702 delicia
1127 1641 1264 1718 niella4)
1292 1643 1421 1719 serane

582 1741 783 1817 GLibenr„
892 1787 909 1814 ,‚
1032 1787 1049 1815 „
1125 1741 1226 1800 niella
1292 1741 1392 1816 foco.

120 1844 191 1903 Hoc
213 1857 342 1919 quoque
362 1839 432 1900 loco
455 1838 665 1899 liaelnensius
687 1839 755 1899 cod.
779 1837 804 1898 G
827 1847 955 1900 secutus
982 1846 1045 1914 est,
1078 1856 1272 1916 quamquam
1294 1840 1440 1915 exempla
1466 1839 1506 1898 ab
1533 1838 1757 1915 interpretibus
1783 1839 1889 1900 adlata

120 1940 308 1999 luculenter
329 1939 441 1998 docent
464 1937 555 1998 codd.
579 1937 631 1996 AV
654 1943 775 1996 rectum
798 1935 948 1996 exhibere
968 1942 1100 1996 textum.
1144 1938 1222 1998 Cum
1251 1944 1386 2013 uterque
1413 1944 1519 1998 textus
1546 1945 1654 2013 aptum
1680 1937 1796 1997 efficiat
1816 1954 1888 1998 sen·

125 2054 214 2110 sum,
236 2036 408 2097 differentia
429 2035 639 2097 discernenda
662 2038 720 2094 erit
736 2051 774 2093 ex
789 2051 906 2109 genere
921 2034 1047 2095 dicendi
1062 2034 1178 2095 talibus
1192 2037 1224 2095 in
1238 2036 1403 2097 sacrificiis
1418 2036 1562 2096 solemni.
1586 2035 1650 2095 lam
1665 2037 1732 2112 ipse
1745 2034 1887 2095 Tibullus

125 2135 200 2195 loco
220 2133 295 2195 huic
314 2134 469 2194 simillimo
492 2136 523 2194 in
544 2133 656 2193 eadem
683 2149 718 2192 re
744 2140 890 2193 versatur
915 2132 1138 2208 describenda,
1166 2134 1288 2194 scilicet
1314 2133 1351 2206 11,
1379 2133 1508 2208 e,3-8,
1535 2133 1588 2193 ubi
1616 2132 1674 2193 bos
1702 2150 1814 2193 versus
1835 2134 1888 2194 vel

127 2233 321 2309 aliquantum
342 2233 402 2293 vel.
414 2249 544 2309 prorsus
565 2232 684 2291 similes
705 2232 899 2291 invenimus:

127 2348 167 2422 11,
186 2348 235 2421 23
258 2345 400 2406 Uraniae·
417 2350 478 2424 pia
500 2352 589 2405 tara
611 2347 689 2424 focis
712 2379 744 2401 =
767 2348 789 2421 I,
812 2347 881 2420 7,53
903 2345 960 2403 libi
984 2345 1054 2404 deni
1079 2348 1182 2404 turis
1205 2347 1339 2405 bonores

125 2444 232 2519 11,e,6
253 2443 314 2503 Cni
336 2445 483 2504 decorent
504 2450 630 2504 sanetus
652 2443 762 2502 mollio
784 2452 868 2502 serta
888 2462 992 2503 comas
1014 2465 1046 2488 =
1067 2445 1090 2517 I,
1119 2447 1185 2519 252
1211 2444 1252 2503 Et
1279 2445 1381 2521 capite
1402 2450 1430 2502 et
1456 2446 1534 2503 collo
1557 2446 1669 2504 oronte
1691 2453 1774 2505 serta
1797 2451 1888 2523 perat

120 2541 343 2617 Il,2‚71llina
371 2562 455 2620 pirro
488 2543 648 2601 destillent
675 2551 819 2618 ternpore.
840 2542 944 2600 riardo
967 2572 999 2595 =
1021 2543 1045 2616 1,
1068 2543 1132 2617 7,51
1157 2543 1250 2602 illins
1277 2562 1293 2602 e
1321 2544 1426 2602 nitido
1452 2543 1571 2603 stillent
1599 2551 1743 2619 rerepente
1769 2545 1885 2620 capillo

115 2640 227 2715 11,a‚8
248 2640 352 2717 Atque
373 2648 465 2698 satnr
487 2639 563 2698 libo
585 2642 625 2698 sit
648 2641 838 2717 irradeotqne
859 2657 960 2698 mero
983 2664 1015 2687 =
1038 2641 1060 2714 l,
1083 2641 1152 2715 254
1172 2640 1266 2700 Liba
1287 2688 1503 2702 ........
1536 2641 1651 2717 serani.

1062 2739 1084 2813 1,
1107 2738 1175 2812 7,50
1196 2740 1296 2799 inulto
1318 2745 1460 2817 tempora
1482 2739 1585 2816 furtale
1605 2755 1708 2797 mero
1787 2723 1795 2778 '.

115 2838 157 2900 ci.
183 2836 225 2899 de
250 2838 338 2915 Sulp.
365 2845 397 2898 et
423 2839 492 2899 Cer.
521 2856 581 2898 am.
614 2839 684 2913 alt
714 2837 770 2896 Ter
797 2837 855 2896 tibi
881 2838 916 2916 fit
942 2837 1018 2912 libo,
1047 2843 1108 2909 ter,
1137 2838 1197 2896 dea
1225 2844 1326 2909 coslo,
1351 2857 1459 2898 mero.
1502 2837 1621 2898 Deinde
1643 2835 1707 2895 liba
1727 2837 1813 2913 serre
1833 2838 1886 2898 vel

116 2937 222 3013 [acere
245 2942 396 2997 constans
418 2943 467 2996 est
495 2936 630 2997 elocutio
652 2936 789 3011 ritualis;
817 2937 858 2996 ci.
882 2935 948 2995 Tib.
971 2937 993 3008 1,
1014 2936 1104 3009 lona
1126 2933 1207 2992 libo
1233 2937 1299 3011 ipse
1320 2933 1487 3012 ferebat,
1512 2933 1601 2994 Ovid.
1628 2934 1651 2994 F
1654 2940 1711 2994 ast.
1738 2934 1774 3009 11,
1800 2936 1883 3010 one

116 3032 170 3109 111,
196 3035 271 3109 735;
298 3033 346 3108 IV,
375 3034 442 3094 776.
491 3035 558 3093 Hoc
585 3041 690 3094 autem
719 3034 789 3094 loco
816 3032 1006 3093 vocabulum
1032 3032 1131 3091 mella
1159 3032 1191 3091 in
1212 3031 1385 3111 archetypo
1407 3050 1446 3093 ex
1468 3033 1563 3091 melle
1584 3037 1769 3107 corruptum
1788 3035 1884 3094 inter·

112 3133 293 3209 polatorem
314 3133 465 3193 incitasse
487 3132 563 3193 mibi
586 3134 719 3206 videtur,
740 3139 774 3191 ut
797 3132 953 3207 reliquum
975 3136 1097 3191 textum
1119 3133 1189 3191 voci
1213 3132 1308 3191 mella
1330 3131 1562 3193 accomodaret.

544 3249 566 3323 1,
589 3249 678 3322 toea
699 3246 848 3308 exhibent
870 3247 922 3306 AV
944 3245 1029 3305 Poce
1050 3244 1155 3304 nitens
1176 3263 1283 3304 vomer
1305 3246 1423 3305 viderit

877 3343 903 3404 G
969 3389 988 3416 „
1050 3341 1159 3402 bidens
1180 3345 1506 3420 oonaerqncvipent.

114 3440 203 3515 Quae
224 3443 276 3503 AV
298 3444 461 3519 praebent,
483 3460 579 3504 sensu
600 3450 674 3503 sunt
696 3459 802 3517 cassa;
824 3442 857 3502 in
878 3441 948 3501 cod.
971 3440 998 3500 G
1020 3448 1127 3501 autem
1147 3443 1255 3502 omnia
1275 3448 1365 3503 recte
1386 3459 1459 3504 sese
1480 3441 1599 3505 babent
1625 3448 1758 3520 excepto
1780 3443 1880 3505 verbo

111 3540 229 3617 cpont,
251 3558 446 3618 quamquam
469 3558 581 3601 omnes
602 3540 740 3600 editores
761 3557 821 3601 neo
843 3526 906 3599 non
928 3538 1141 3600 Baehrensius
1161 3541 1269 3615 vigent
1289 3541 1321 3601 in
1343 3547 1463 3601 textum
1486 3547 1684 3618 receperunt.
1736 3541 1768 3602 Si
1796 3543 1879 3603 enim

112 3636 304 3699 Ouidianum
326 3640 513 3714 respicimus
535 3638 649 3711 locum,
671 3639 725 3713 qui
746 3642 831 3696 extat
852 3637 933 3695 Fast.
956 3636 1003 3709 IV,
1025 3637 1154 3697 927998

539 3754 676 3814 Sur-cerlo
699 3773 786 3837 nnrrc
807 3754 970 3829 decensque
987 3751 1097 3811 bidens
1120 3758 1148 3811 el
1171 3771 1275 3811 venter
1297 3753 1455 3811 adiunctis

537 3853 635 3912 Ruris
657 3870 729 3929 opes
751 3851 922 3910 niteant:
945 3851 1093 3927 iri-prrinet
1115 3869 1211 3909 arma
1232 3850 1310 3909 situs

108 3982 185 4027 cum
207 3966 319 4028 Guieto
341 3987 404 4029 non
427 3970 601 4046 poterimus
625 3986 687 4028 non
708 3969 897 4041 consentire,
919 3969 973 4044 qui
995 3983 1051 4042 pro
1073 3967 1179 4041 vipent
1203 3967 1329 4042 scripsit
1355 3965 1467 4025 nitent.
1514 3967 1610 4027 Cuius
1630 3967 1720 4029 verbi
1751 3968 1877 4030 accedit

108 4066 196 4143 quod
219 4068 386 4143 vestigium
410 4066 677 4142 deprehendimus
699 4068 729 4126 in
757 4066 847 4125 codd.
870 4066 921 4125 AV
945 4065 1058 4126 nitens.
1104 4063 1197 4123 Aliud
1217 4071 1440 4139 argumentum
1468 4064 1569 4124 obiter
1596 4065 1697 4141 tetigit
1724 4067 1878 4128 Rossber·

108 4163 226 4243 giesi)
254 4182 327 4225 cum
355 4165 429 4225 dicit
457 4167 558 4221 nitent
586 4167 704 4240 optime
731 4167 910 4241 oppositum
937 4180 1010 4223 esse
1039 4162 1143 4223 verbis
1172 4162 1205 4217 in
1236 4160 1402 4221 tenebris
1424 4168 1554 4239 ocenpot
1575 4180 1668 4221 ormo
1688 4165 1797 4224 situs.
1839 4165 1878 4226 Et

108 4251 223 4322 verum
246 4280 324 4323 sane
346 4271 394 4323 est
415 4264 510 4322 armis
533 4262 563 4320 in
585 4262 725 4320 tenebris
746 4262 921 4322 iacentibus
942 4269 1039 4337 atque
1054 4260 1196 4336 robigine
1218 4260 1440 4336 ferrugineque
1453 4261 1624 4337 inquinatis
1639 4263 1691 4323 vix
1705 4265 1877 4339 quicquam

106 4361 228 4437 opponi
250 4376 343 4436 posse
365 4362 468 4434 aptius
491 4376 585 4434 quam
608 4359 695 4433 pacis
716 4359 928 4418 instrumenta
954 4360 1135 4417 nitentia.
1185 4356 1248 4417 Sed
1275 4356 1410 4434 Vossiiss)
1437 4359 1654 4435 interpretatio
1677 4376 1879 4437 nequaquam

224 4635 243 4704 ¹)
265 4637 337 4691 Krit.
360 4636 501 4705 Beitriige
521 4651 558 4690 zu
576 4633 671 4689 Tibull
689 4647 717 4701 p.
736 4631 796 4687 luo,

222 4724 244 4791 ²)
263 4728 375 4795 proleg.
395 4743 422 4795 p.
442 4727 484 4779 17.

223 4815 244 4884 8)
265 4817 382 4875 observ.
402 4833 430 4885 p.
450 4814 494 4869 43.

221 4904 246 4971 ⁴)
267 4906 356 4960 mella
375 4906 484 4959 leniter
504 4905 700 4973 depravatum
719 4918 757 4958 ex
776 4902 868 4958 melle.

222 4994 244 5061 δ)
263 5011 291 5063 p.
310 4995 352 5048 Π.

221 5082 320 5152 ὓ)1.1.
341 5099 368 5151 p.
389 5083 450 5136 tio.

1956 3243 1976 3312 1,
1995 3244 2075 3316 rone
