4732 5746
1294 292 1472 354 ..g..

509 499 573 559 qua
592 489 727 557 ceterae,
754 481 914 559 quomodo
940 482 1093 558 originem
1115 480 1270 554 duxerint,
1291 479 1494 558 probabiliter
1513 485 1614 561 possit
1634 485 1714 546 erui:
1737 483 1817 546 haec
1838 490 1945 544 autem
1971 483 2066 545 lectio
2087 484 2269 545 communis

509 577 671 660 archetypi
692 596 765 642 esse
785 579 953 641 iudicanda
966 579 1034 639 erit.
1066 577 1212 640 Secundo
1233 577 1349 639 deinde
1370 580 1440 641 loco
1457 580 1691 658 anquirendum
1712 589 1770 658 est,
1785 599 1862 643 num
1876 581 1921 642 ita
1936 597 2008 644 sese
2023 582 2270 644 commendetur

509 677 563 740 illa
581 679 753 756 scriptura,
773 683 809 738 ut
829 694 887 755 pro
907 693 985 738 vera
1004 682 1100 755 atque
1121 676 1259 753 genuina
1279 675 1388 738 haberi
1410 679 1520 755 posit.
1557 678 1651 740 Nunc
1670 687 1777 741 autem
1797 682 1828 742 11
1847 696 1922 741 oum
1937 679 2130 757 Rossbergio
2151 697 2170 740 a
2191 679 2266 740 cod.

498 776 537 836 A
556 776 692 837 lectione
716 792 811 852 oproa
837 775 993 849 ordimur,
1020 791 1158 852 quanam
1191 777 1312 836 ratione
1333 790 1373 836 ex
1394 774 1454 837 bao
1474 777 1610 838 lectione
1631 776 1750 838 codicis
1771 778 1805 852 V,
1824 783 1936 855 utpote
1956 794 2053 854 quem
2079 784 2206 840 constet
2227 794 2269 838 ex

509 873 624 935 eodem
645 874 814 950 exemplari
835 872 1032 949 descriptum
1052 888 1134 946 esse,
1154 873 1343 949 scripturam
1364 890 1473 950 pragae
1499 881 1602 939 ortam
1629 890 1700 935 esse
1726 874 1816 935 nobis
1842 873 2021 952 fingemus‘l
2047 873 2159 951 Neque
2180 874 2267 935 enim

509 974 677 1050 quisquam
697 988 793 1037 sanae
812 972 929 1033 mentis
949 971 990 1032 de
1011 986 1119 1032 errore
1140 969 1257 1032 librarii
1276 970 1329 1032 vel
1354 971 1446 1051 lapsu
1467 972 1581 1033 calami
1603 971 1761 1049 cogitabit.
1802 973 1851 1033 An
1872 971 1913 1033 ad
1936 988 2008 1032 eam
2028 972 2265 1034 descendamus

509 1073 704 1150 opinionem,
729 1076 765 1131 ut
789 1086 847 1148 per
872 1071 1088 1131 coniecturam
1116 1076 1264 1146 putemus
1290 1070 1450 1131 librarium
1475 1077 1540 1132 tam
1565 1072 1659 1132 foede
1685 1077 1795 1131 contra
1821 1085 1890 1131 rem
1916 1072 2082 1131 metricam
2110 1086 2265 1148 peccasse

509 1170 611 1247 (ictor
631 1169 775 1247 pragam?
805 1170 916 1246 Itaque
937 1186 1046 1245 propes
1067 1184 1106 1229 ex
1127 1186 1222 1245 apros
1243 1168 1359 1230 deduci
1380 1170 1498 1246 nequit.
1544 1170 1583 1229 At
1604 1184 1680 1230 vero
1707 1170 1735 1229 si
1755 1169 1923 1229 statuimus
1937 1165 2145 1246 archetypum
2169 1166 2261 1228 codd.

509 1266 616 1346 ΑΜ)
636 1266 805 1328 tradidisse
825 1268 894 1344 ipse
914 1284 1038 1343 quoque
1059 1266 1144 1324 inter
1165 1283 1285 1343 propes,
1309 1265 1384 1342 quid
1406 1267 1475 1327 veri
1488 1273 1592 1344 potest
1613 1267 1687 1344 poni
1714 1267 1849 1327 similius
1869 1282 1965 1342 quam
1984 1265 2146 1327 librarium
2166 1282 2266 1342 queu-

509 1366 591 1436 dam,
612 1371 647 1427 ut
667 1367 832 1426 metricam
853 1364 1059 1427 offensionem
1079 1365 1214 1437 tolleret,
1239 1363 1395 1425 vocabulo
1420 1382 1530 1441 prepes
1550 1365 1720 1425 lectionem
1741 1383 1836 1442 apros
1857 1357 2131 1441 superscripsisse,
2153 1380 2264 1440 super-

509 1463 658 1541 scriptam
680 1479 793 1524 vocem
813 1497 852 1506 —
874 1462 959 1538 quod
980 1463 1167 1537 saepissime
1188 1462 1307 1523 factum
1328 1470 1378 1524 est
1398 1497 1438 1508 -
1458 1465 1489 1524 11
1513 1464 1582 1524 cod.
1603 1463 1629 1523 Α
1652 1462 1827 1523 transisse‘l
1854 1462 2009 1535 Quoniam
2036 1463 2129 1539 igitur
2154 1480 2265 1538 greges

508 1578 548 1623 ex
568 1580 662 1639 apros
682 1562 940 1638 haudquaquam,
962 1561 1109 1621 facillime
1135 1579 1229 1638 apros
1255 1577 1294 1622 ex
1314 1579 1436 1639 prepee,
1465 1562 1627 1638 quomodo
1649 1561 1803 1640 originem
1824 1563 1964 1635 traxerit,
1985 1561 2125 1638 intellegi
2147 1567 2262 1639 potest,

507 1661 592 1723 baud
612 1661 835 1734 dubitabimus
856 1661 932 1737 quin
953 1658 1145 1736 archetypus
1166 1659 1258 1720 codd.
1282 1659 1334 1720 AV
1354 1657 1440 1720 hunc
1459 1667 1582 1721 textum
1610 1658 1787 1721 exhibuerit
1812 1666 2012 1737 corruptum:
2042 1661 2110 1736 ipse
2137 1677 2265 1736 quoque

508 1759 593 1818 inter
612 1775 733 1834 greges.
777 1756 870 1818 Vides
890 1757 984 1833 igitur
1004 1757 1108 1833 ipsum
1127 1755 1369 1818 fundamentum
1395 1773 1556 1825 corruere,
1584 1774 1647 1834 quo
1673 1758 1785 1818 Klotzii
1811 1758 1920 1818 nititur
1947 1759 2139 1818 coniectura.
2186 1757 2263 1830 lam,

508 1863 544 1917 ut
576 1854 669 1918 huius
703 1856 901 1934 corruptelae
936 1856 1186 1933 pervestigemus
1224 1857 1392 1934 originem,
1425 1856 1465 1916 ad
1500 1857 1570 1918 cod.
1604 1855 1631 1917 G
1662 1857 1889 1933 confugiemus,
1922 1856 1974 1918 ubi
2004 1859 2140 1935 primurn
2171 1855 2263 1916 nobis

506 1955 644 2015 occurrit
679 1954 773 2035 lectio
812 1972 937 2031 preqes,
981 1971 1077 2030 quam
1114 1955 1178 2015 iam
1217 1962 1310 2015 antea
1350 1956 1563 2031 antiquiorem
1606 1971 1677 2015 esse
1717 1954 1941 2028 iudicavimus,
1982 1955 2100 2015 deinde
2135 1959 2260 2014 textum

507 2052 663 2115 babemus
683 2053 787 2113 omnis
815 2053 964 2113 metricae
991 2051 1172 2112 offensionis
1199 2060 1371 2129 expertem.
1414 2053 1518 2129 Atque
1543 2054 1570 2112 si
1599 2054 1764 2129 contigerit
1790 2052 1888 2113 verba
1914 2054 1967 2114 illa
1994 2052 2165 2130 depravata
2190 2052 2260 2128 ipsa

507 2168 658 2229 quoque
679 2153 784 2211 inter
805 2169 923 2229 pregre,
945 2150 1105 2229 quomodo
1127 2152 1303 2212 emanarint
1324 2169 1363 2212 ex
1385 2152 1453 2228 ipse
1474 2152 1655 2227 interque
1676 2169 1797 2228 greges,
1814 2150 2019 2228 probabiliter
2033 2151 2264 2225 demonstrare,

506 2255 575 2310 tum
595 2267 652 2328 pro
674 2257 761 2311 certo
781 2266 900 2326 ponere
921 2252 1094 2329 poterimus
1115 2249 1183 2310 ood.
1207 2247 1234 2309 G
1255 2249 1318 2310 hob
1339 2251 1408 2311 loeo
1429 2251 1609 2310 communis
1630 2249 1793 2326 archetypi
1815 2247 1870 2327 (O)
1890 2266 2039 2311 servasse
2060 2250 2265 2326 scripturam,

506 2348 569 2410 Fac
589 2349 683 2425 igitur
702 2350 734 2409 in
756 2347 816 2410 boc
841 2347 1013 2426 archetypo
1041 2365 1098 2426 per
1125 2347 1349 2425 compendium
1376 2349 1530 2425 scriplum
1560 2348 1659 2409 fuisse
1686 2340 1808 2424 interq;
1830 2357 1877 2426 t:
1900 2348 2076 2424 interque);
2097 2348 2147 2408 fao
2169 2364 2264 2424 porro

506 2444 567 2507 hoc
589 2446 812 2524 compendium
833 2464 907 2508 cum
927 2449 1016 2507 vocis
1037 2464 1161 2524 quoque
1181 2445 1404 2506 abbrevatione
1424 2445 1583 2506 simillima
1603 2437 1634 2522 q,
1656 2429 1823 2507 confusum
1850 2462 1932 2520 esse,
1962 2452 2029 2508 tum
2055 2447 2259 2521 transpositio

508 2543 733 2605 vocabulorum
754 2546 839 2604 inter
860 2563 985 2622 quoque
1005 2544 1076 2606 ideo
1097 2546 1140 2605 nil
1161 2543 1289 2605 babebit
1310 2544 1391 2618 miri,
1412 2544 1507 2620 quod,
1529 2552 1564 2606 ut
1584 2546 1615 2606 in
1637 2546 1785 2607 omnibus
1810 2546 1877 2607 fere
1898 2545 2061 2606 codicibus
2082 2547 2156 2607 talia
2177 2547 2260 2606 iacta
2294 2526 2303 2543 ‘

506 2649 590 2717 sunt,
609 2645 653 2703 ita
674 2641 722 2704 his
744 2660 871 2721 quoque
891 2646 923 2705 in
939 2643 1025 2705 libris
1048 2642 1140 2704 huius
1154 2644 1200 2704 rei
1214 2643 1359 2719 exempla
1372 2643 1506 2702 inveniri
1521 2643 1614 2718 paulo
1629 2648 1702 2719 post
1715 2642 1902 2703 videbimus.
1938 2643 2049 2720 Itaque
2063 2644 2260 2719 corruptelae

506 2742 666 2803 nascentis
687 2747 718 2803 et
740 2743 832 2803 latius
852 2742 1009 2818 serpentis
1029 2739 1112 2802 hanc
1133 2742 1249 2801 claram
1272 2740 1361 2800 nobis
1383 2740 1552 2801 informare
1574 2741 1747 2817 poterimus
1769 2742 1953 2818 imaginem:

1198 2870 1389 2950 archetypus
1411 2872 1436 2934 0

1194 2967 1311 3050 interq3
1332 2990 1445 3051 greges

1378 3384 1494 3473 interq3
1515 3414 1628 3474 greges

1369 3571 1452 3631 iuter
1472 3583 1601 3644 quoque
1622 3582 1737 3663 greges
1787 3550 1790 3557 ’

1325 3754 1453 3818 quoque
1473 3743 1556 3798 mter
1576 3751 1688 3812 greges

1468 3833 1475 3926 Ι
1567 3859 1661 3920 agros

1311 3943 1438 4006 quoque
1460 3927 1543 3986 inter
1563 3939 1676 4001 greges

1381 4005 1465 4086 (eoo.
1487 4005 1520 4082 1)

1461 4111 1660 4292 Χ

1234 4289 1260 4347 V

768 4288 1036 4466 interquezreges
1068 4387 1288 4464 quoqueinter
1301 4403 1414 4464 greges
1470 4403 1599 4464 quoque
1620 4301 1702 4450 inktxer
1723 4407 1814 4467 agros

505 4519 615 4597 Itaque
644 4520 879 4582 demonstrasse
910 4519 986 4582 mihi
1018 4521 1127 4608 videor
1158 4519 1275 4582 codG
1301 4519 1457 4582 hocloco
1487 4525 1677 4602 scripturam
1714 4523 1885 4598 antiquitus
1920 4520 2068 4581 traditam
2104 4515 2261 4579 exhibere.

505 4620 686 4680 Proximmn
707 4627 765 4694 est,
786 4626 821 4679 ut
841 4636 1041 4696 quaeramus,
1062 4637 1138 4680 num
1164 4621 1260 4680 etiam
1285 4637 1342 4697 pro
1368 4636 1444 4680 vere
1466 4621 1643 4683 Tibulliana
1663 4621 1771 4683 haberi
1799 4622 1905 4697 possit.
1949 4621 2053 4697 Atque
2073 4632 2200 4688 caveas,
2221 4629 2260 4674 ne

506 4718 617 4779 Klotzii
626 4718 741 4779 iudicio
751 4719 956 4779 acerbissimo
968 4721 1084 4794 pariter
1094 4725 1190 4795 atque
1200 4720 1395 4779 inustissimo
1416 4718 1473 4780 tibi
1491 4721 1612 4796 imponi
1630 4722 1758 4797 patiaris
1770 4736 1843 4782 cum
1854 4723 2069 4795 indignatione
2085 4715 2266 4779 exclaman-

504 4818 546 4877 tis
558 4817 702 4894 interque
712 4834 820 4894 prepee
830 4817 1079 4877 infelicissimam
1088 4833 1159 4877 esse
1169 4819 1384 4878 coniecturam
1394 4833 1536 4893 unquam
1548 4817 1661 4879 Tibulli
1675 4819 1867 4879 oanninibus
1880 4820 2027 4880 adlatam.
2050 4820 2260 4897 Rossbergius

505 4916 654 4976 nimirum
680 4930 737 4990 pro
763 4916 919 4976 sententia
944 4931 1002 4975 sua
1029 4931 1103 4974 cum
1129 4915 1183 4976 illo
1211 4917 1385 4986 consentit3
1412 4914 1469 4974 sed
1500 4916 1575 4991 quid
1604 4917 1689 4977 valet
1715 4926 1947 4995 argumentum,
1973 4921 2067 4997 quale
2095 4918 2261 4993 est:„1)as

506 5031 629 5090 quoque
650 5012 774 5075 scheiut
795 5012 881 5074 nicht
902 5013 1098 5090 ausgegeben
1119 5012 1246 5074 werden
1268 5030 1306 5073 zu
1328 5011 1473 5073 (1111111κὶ
1515 5015 1618 5075 Immo
1643 5032 1730 5090 vere,
1751 5024 1823 5093 post
1849 5034 2024 5094 pronomen
2048 5017 2114 5094 ipse
2137 5016 2262 5078 Amoris
