4732 5746
380 1008 403 1080 1,
421 1009 480 1081 ast

1100 382 1750 559 Appendix.

1290 721 1556 730 ——.——

645 902 673 1076 l?
689 902 931 1076 ggtpaeffient
952 1007 1104 1078 excerpts
1124 1002 1220 1063 Puris.
1243 1008 1276 1064 et
1296 1002 1452 1064 vincentii
1473 1002 1724 1064 Bellovsceusis:

944 1096 1017 1158 Vidi
1039 1117 1095 1176 epo
1116 1101 1172 1177 qui
1192 1099 1356 1161 miseros
1378 1102 1556 1159 iuvenum
1576 1100 1830 1178 dampnasset
1851 1117 1975 1160 amores

727 1199 825 1260 ceteri
846 1197 937 1259 codd.
979 1243 998 1273 ‚,
1059 1244 1077 1272 „
1138 1244 1157 1273 „
1191 1199 1378 1258 iuvenum
1399 1201 1564 1258 miseros
1586 1198 1746 1258 lusisset

537 1294 585 1355 Ac
604 1300 692 1356 recte
712 1294 848 1372 quidem
863 1291 1068 1370 Richterus¹)
1089 1295 1235 1373 exemplo
1256 1296 1382 1357 conlato
1403 1296 1563 1358 simillimo
1583 1296 1607 1370 Ι,
1627 1294 1694 1371 8:11

697 1390 700 1395 ’
936 1391 998 1452 Hic
1019 1391 1186 1453 Marathus
1207 1394 1373 1471 quondam
1395 1395 1526 1454 miseros
1548 1392 1867 1474 ludebatamautes

538 1490 662 1551 lusisset
681 1494 852 1569 genuinum
877 1508 952 1568 esse
974 1493 1145 1554 lectionem
1166 1493 1345 1568 contendit;
1375 1494 1434 1555 sed
1454 1494 1552 1555 falsus
1576 1500 1635 1567 est,
1657 1493 1742 1571 quod
1765 1500 1797 1554 et
1821 1494 1994 1557 verborum
2014 1492 2213 1558 ordiremur
2231 1494 2296 1556 illis

536 1589 694 1666 excerptis
719 1590 894 1654 exhibitum
914 1591 1047 1652 miseros
1068 1593 1222 1652 iuvenum
1243 1609 1315 1654 eam
1335 1594 1377 1654 ob
1404 1609 1533 1654 causam
1554 1593 1706 1670 praefert,
1734 1594 1808 1670 quia
1829 1593 2021 1655 adiectivum
2042 1592 2236 1655 substantivo
2255 1592 2290 1651 in

535 1683 601 1746 tine
620 1702 733 1748 versus
754 1690 858 1766 posito
878 1698 954 1752 ante
975 1708 1140 1753 caesuram
1160 1689 1427 1769 penthemimerin
1447 1691 1648 1751 conlocatum
1669 1692 1855 1769 saepissime
1875 1692 2062 1753 inveniatur.
2096 1691 2286 1769 ersmqusm

536 1784 622 1846 enim
642 1786 807 1863 permultis
832 1789 911 1851 locis
932 1788 1012 1850 haec
1030 1790 1140 1866 regula
1159 1795 1191 1850 et
1205 1807 1224 1851 s
1238 1789 1361 1851 Tibullo
1375 1794 1407 1850 et
1420 1788 1460 1849 ab
1475 1789 1624 1849 omnibus
1638 1790 1741 1865 poetis
1755 1790 1903 1867 elegiacis
1917 1790 2086 1852 observata
2099 1795 2159 1864 est,
2178 1794 2292 1858 tamem

535 1887 596 1946 nisi
616 1886 678 1946 ulis
696 1886 855 1948 accedunt
875 1895 1070 1965 arguments,
1097 1888 1141 1948 nil
1167 1889 1252 1949 valet
1277 1888 1317 1948 sd
1343 1889 1533 1964 scripturam
1559 1887 1718 1964 quandam
1745 1887 2029 1964 comprobandam,
2055 1887 2208 1965 quonism
2232 1900 2297 1947 nou

534 2000 662 2062 semper
688 2002 760 2047 esm
783 1992 969 2064 usurpatam
990 2003 1062 2048 esse
1088 1987 1158 2064 ipso
1178 1987 1232 2047 illo
1254 2002 1293 2047 ex
1314 1985 1459 2062 exemplo
1480 1983 1662 2046 sRicbtero
1682 1984 1788 2047 adlato
1802 1985 1921 2063 liquido
1933 1985 2074 2063 adparet
2115 1984 2197 2058 Quid
2212 1983 2300 2045 euim

473 2075 476 2081 ’
536 2081 657 2143 obstitit
671 2089 795 2159 poetae,
810 2086 979 2161 quominus
992 2086 1160 2147 scriberet:
1182 2083 1245 2144 Hie
1259 2083 1426 2144 Marathus
1440 2085 1600 2142 miseros
1616 2083 1807 2160 quondam
1823 2084 1843 2144 l.
1862 2084 1916 2145 a?
1939 2083 2019 2145 Huic
2032 2085 2179 2162 exemplo
2194 2082 2301 2145 edicio

536 2180 621 2242 aliud
640 2179 800 2243 simillime
817 2190 1037 2261 comparatum
1056 2185 1079 2260 Ι,
1097 2183 1145 2259 9,1

898 2279 985 2352 Quid
1005 2281 1099 2351 milri,
1123 2279 1151 2339 si
1171 2281 1282 2357 fueras
1303 2279 1465 2337 miseros
1487 2278 1632 2337 laesurus
1653 2295 1818 2352 amares,
1842 2295 1871 2341 e.
1895 2295 1927 2356 q.
1950 2297 1976 2341 s.

403 2410 410 2424 ·
437 2411 445 2440 ,
535 2375 646 2452 Itaque
666 2376 752 2437 nulls
772 2382 822 2437 est
842 2392 947 2451 causa,
969 2394 1033 2455 qus
1055 2379 1156 2438 coacti
1178 2383 1328 2452 excerpts
1347 2377 1401 2437 illa
1420 2391 1601 2452 sequamur.

360 3280 398 3349 ιι,
417 3278 482 3349 sss

643 2473 763 2536 Deinde
786 2474 881 2552 Lygd.
901 2476 981 2550 5‚1s‚
1001 2476 1056 2537 ubi
1076 2474 1231 2552 praebent

810 2589 877 2634 exc.
900 2574 970 2634 Per.
992 2579 1025 2634 et
1045 2572 1131 2632 Vinc.
1154 2573 1272 2633 Bellov.
1294 2569 1358 2630 Nee
1378 2573 1464 2630 versit
1486 2569 1615 2649 taeitoi)
1636 2590 1734 2631 curua
1756 2579 1880 2632 senecta
1898 2574 1982 2651 pede

1051 2672 1149 2731 ceteri
1171 2670 1261 2731 codd.
1318 2716 1336 2743 ‚‚
1411 2715 1429 2743 ‚‚
1482 2669 1592 2728 tardo
1680 2716 1699 2744 ‚‚
1940 2716 1959 2747 „

536 2767 741 2845 Richterust)
762 2768 856 2829 tacito
876 2769 1082 2830 scribendum
1103 2785 1175 2829 esse
1197 2767 1388 2829 concludere
1410 2783 1504 2843 posse
1525 2768 1583 2828 sibi
1606 2767 1693 2829 visus
1719 2775 1769 2828 est
1791 2785 1829 2829 ex
1857 2767 2010 2831 Ovidiano
2032 2770 2112 2845 loco,
2133 2771 2189 2848 qui
2209 2778 2300 2834 exist

536 2871 601 2932 Art.
624 2887 685 2930 am.
706 2869 743 2943 Π,
764 2870 824 2932 6οΊ
1080 2867 1152 2927 Iam
1174 2869 1280 2927 ueniet
1300 2868 1418 2926 tacita
1440 2885 1537 2925 curva
1558 2873 1685 2925 senecta
1703 2866 1795 2943 pede.

536 2969 707 3031 Praeterea
726 2966 899 3043 addubitat,
921 2969 997 3045 quin
1020 2967 1190 3044 quisquam
1209 2966 1322 3027 dixerit
1343 2965 1435 3024 tardo
1453 2965 1535 3041 pede
1555 2971 1693 3025 aetatem
1715 2965 1831 3025 venire.
1872 2965 1939 3026 Isin
1960 2973 2068 3029 sutem
2088 2965 2174 3030 hunc
2194 2969 2298 3048 ipsius

536 3066 650 3128 Tibulli
671 3063 817 3126 conferas
837 3065 945 3127 locum
964 3065 988 3139 Ι,
1008 3066 1079 3141 8,48
1100 3082 1165 3123 ηοη
1180 3064 1295 3152 tarda
1317 3061 1438 3122 labitur
1453 3062 1511 3120 itta
1523 3063 1581 3139 (sc.
1596 3063 1699 3138 setus)
1718 3062 1799 3139 pede
1813 3063 1866 3142 (ci.
1879 3063 1917 3137 11,
1931 3063 2002 3138 ute
2016 3064 2112 3124 tarda
2126 3067 2298 3145 senectus),

537 3171 572 3227 ut
593 3180 768 3242 cognosces
787 3162 850 3224 hoc
870 3178 998 3240 quoque
1020 3163 1089 3223 loco
1110 3179 1174 3222 nou
1195 3177 1277 3234 esse,
1299 3176 1389 3220 curs
1407 3165 1588 3220 ceterorum
1610 3157 1757 3219 codicum
1771 3160 1960 3220 auctoritate
1981 3162 2182 3223 recedamus.

656 3262 754 3323 Porro
775 3260 905 3337 11,1,1s
926 3261 1040 3338 legitur
1060 3261 1091 3321 iu

950 3373 1019 3418 exc.
1043 3357 1112 3417 Par.
1135 3353 1231 3414 Casta
1249 3355 1376 3432 placent
1396 3353 1537 3431 superis:
1555 3371 1643 3430 pura
1663 3371 1735 3412 essm
1757 3359 1877 3413 mente
1898 3354 2002 3414 venite

877 3456 993 3517 ceteris
1015 3454 1107 3516 codd.
1170 3500 1188 3528 ‚,
1296 3499 1314 3527 „
1456 3498 1474 3526 ‚‚
1582 3498 1600 3528 ‚,
1761 3458 1863 3512 veste
1944 3499 1962 3527 ‚‚

536 3572 600 3634 quo
620 3556 691 3616 loco
712 3555 887 3615 Protzenus
896 3551 923 3631 ⁴)
945 3555 1115 3615 lectionem
1136 3558 1239 3612 mente
1259 3551 1331 3611 ideo
1352 3551 1507 3627 potiorem
1529 3567 1601 3611 esse
1622 3558 1742 3625 censet,
1765 3550 1851 3628 quod
1871 3550 1969 3612 verbs
1994 3567 2076 3627 quse
2096 3552 2297 3616 antecedunt

647 3796 656 3826 1

641 3799 668 3955 η)
682 3811 715 3940 11:¹-
732 3795 909 3940 gemendi
927 3886 1072 3953 apparatu
1091 3881 1195 3937 critico
1213 3895 1268 3950 per
1287 3881 1429 3935 mendum
1447 3878 1696 3949 typogmpbicum
1714 3881 1916 3937 extersisse.

644 3974 666 4043 ¹)
683 3990 712 4044 p.
725 3958 819 4029 'lites

643 4063 666 4132 ⁴)
683 4079 711 4133 r·
730 4063 774 4118 ⁵3·
