4732 5746
1334 328 1534 383 -Qrt-

500 513 619 574 Tamen
641 514 723 574 duae
743 531 795 574 res
817 519 927 573 contra
948 511 1017 572 cod.
1032 511 1059 571 G
1074 513 1182 572 valent
1202 511 1382 571 lectionem.
1408 509 1559 580 Primum,
1581 509 1649 584 ipse
1671 507 1823 578 Tibullus,
1838 508 2019 586 ubicunque
2040 507 2264 585 requiescendi

500 613 606 672 locum
637 617 874 684 commemorat,
900 610 1165 687 praepositionem
1195 607 1231 668 in
1251 610 1365 669 omittit
1386 608 1556 682 solumque
1576 607 1664 684 ponit
1685 607 1857 667 ablativum
1883 609 1953 682 loci,
1975 610 2137 669 utstatim
2165 623 2264 668 versu

499 711 647 786 sequenti
674 707 821 768 recubare
842 712 919 781 toro,
940 708 963 781 1,
984 708 1054 781 336
1073 724 1156 783 patro
1178 704 1349 765 secubuisse
1370 710 1437 764 toro

980 807 1003 878 I,
1025 806 1145 879 laada
1166 851 1173 865 .
1197 852 1203 865 .
1226 851 1234 866 .
1256 851 1263 865 .
1288 853 1294 865 .
1316 805 1393 863 sotis
1414 808 1457 862 eat
1479 803 1668 879 requiescere
1690 802 1782 860 lecto

1159 902 1196 964 Si
1218 903 1288 962 licet
1308 907 1337 959 et
1357 902 1476 961 solito
1498 899 1638 958 membra
1658 902 1761 961 leuare
1783 906 1873 960 toro.

499 1023 621 1084 Deinde
643 1039 817 1084 concursus
839 1023 1038 1083 dissonarurn
1054 1022 1248 1099 syllabarum
1271 1020 1385 1078 moltis
1407 1019 1446 1077 ira
1468 1019 1678 1078 inornatam
1692 1021 1829 1095 graviter
1843 1020 2090 1096 otlenditaureS,
2113 1028 2147 1082 ut
2168 1023 2268 1082 etiam

500 1119 584 1182 hanc
610 1122 650 1183 ob
676 1138 806 1182 causam
833 1120 924 1179 codd.
953 1119 1006 1178 AV
1032 1119 1248 1196 praeferamus
1275 1119 1473 1194 scripturam.
1516 1118 1587 1194 lpsa
1613 1123 1718 1177 autern
1749 1119 1929 1194 corruptela
1955 1125 2025 1179 orta
2052 1119 2179 1180 videtur
2207 1136 2270 1196 per

501 1217 744 1296 dittographiam
765 1218 910 1278 vocabuli
932 1217 977 1277 in.

608 1318 720 1378 Paucis
740 1317 886 1377 versibus
907 1323 979 1393 post
1000 1315 1044 1393 (v.
1066 1315 1118 1391 82)

974 1415 1000 1473 A
1024 1411 1067 1470 Et
1086 1429 1156 1468 rneo
1177 1429 1283 1470 varano
1303 1428 1420 1488 poenas
1442 1409 1544 1488 impia
1565 1410 1679 1486 linquo
1699 1411 1758 1470 luit
1767 1413 1783 1471 ἵ)

955 1510 1008 1570 GV
1040 1557 1057 1585 rr
1120 1557 1137 1584 rr
1179 1528 1272 1568 num
1355 1555 1372 1584 >a
1474 1555 1491 1583 rr
1614 1554 1631 1582 rr
1713 1556 1730 1584 rr

501 1608 712 1669 Baehrensius
733 1625 813 1667 nura
832 1610 865 1668 in
891 1614 1015 1668 textum
1046 1609 1180 1683 recepit,
1202 1623 1395 1684 quamquain
1417 1606 1528 1667 falsam
1554 1623 1626 1666 esse
1651 1605 1735 1668 banc
1760 1609 1951 1683 scripturam
1977 1611 2067 1685 quasi
2094 1610 2125 1668 in
2153 1610 2267 1670 oculos

500 1707 640 1768 incurrit.
673 1707 705 1766 Si
726 1707 811 1766 anim
832 1722 945 1766 versus
972 1706 1094 1767 81-88
1120 1710 1270 1781 quattuor
1296 1703 1432 1765 disticha
1453 1706 1703 1779 complectentes
1725 1707 1904 1766 accuratius
1931 1709 2164 1784 contemplatus
2192 1708 2268 1784 eris,

501 1809 667 1885 perspicua
688 1804 853 1879 intelleges
876 1820 931 1863 eos
953 1802 1165 1862 conformatos
1188 1818 1259 1862 esse
1281 1803 1503 1875 concinnitate,
1526 1802 1568 1862 ita
1589 1808 1633 1875 ut,
1654 1818 1713 1861 seu
1733 1819 1865 1863 sensum
1892 1820 1951 1864 seu
1979 1811 2144 1866 externam
2164 1813 2271 1867 struc-

499 1913 605 1966 turam
630 1910 822 1980 spectamuS,
849 1903 882 1962 in
908 1903 982 1962 bina
1007 1902 1173 1962 discedant
1199 1899 1344 1961 disticha.
1397 1899 1476 1959 Cum
1505 1901 1589 1959 enim
1619 1916 1730 1960 omnes
1752 1907 1867 1977 poetae
1888 1902 1994 1963 irritae
2014 1905 2078 1965 sint
2098 1921 2212 1981 preces
2234 1911 2271 1966 et

501 2004 587 2063 fores
607 2002 731 2079 puellae
752 2002 882 2061 clausae
902 2006 1061 2073 maneant,
1083 1999 1208 2059 duobus
1229 1998 1386 2074 prioribus
1408 1995 1551 2058 distichis
1572 1998 1636 2074 (vv.
1659 1997 1792 2074 81-84)
1808 2016 1876 2059 ase
1892 2002 2025 2076 quaerit,
2039 2019 2117 2063 num
2131 2002 2268 2064 deorum

501 2102 580 2161 iram
602 2100 725 2160 scelere
747 2101 917 2159 commisso
939 2099 970 2158 in
992 2115 1028 2158 se
1050 2099 1254 2169 converterit,
1277 2091 1504 2174 posterioribus
1526 2099 1589 2165 (vv.
1612 2098 1746 2176 85-88)
1772 2115 1808 2159 se
1830 2105 1978 2175 paratum
2000 2116 2070 2161 esse
2091 2101 2219 2176 latetur,
2240 2105 2270 2163 si

501 2199 661 2271 meruerit,
682 2198 734 2256 vel
756 2197 941 2256 durissimos
962 2195 1069 2255 subire
1091 2196 1169 2254 ritus
1192 2195 1387 2270 piacularios.
1424 2194 1480 2255 Cui
1495 2199 1672 2257 sententiae
1688 2197 1835 2259 divisioni
1850 2198 2016 2274 bipartitae
2031 2199 2269 2276 elegantissime

503 2297 651 2357 convenit
671 2311 824 2354 versuum
845 2300 975 2354 externa
995 2295 1129 2369 species,
1151 2295 1268 2370 quippe
1290 2311 1364 2353 cum
1385 2295 1526 2369 priorum
1547 2293 1755 2357 distichorum
1784 2297 1815 2356 in
1837 2299 1925 2358 initio
1946 2314 2034 2371 nram,
2056 2300 2269 2374 posteriorum

502 2413 568 2453 non
589 2410 644 2469 epo
665 2409 802 2452 nervose
822 2397 980 2468 ponantur
1001 2399 1096 2467 atque
1117 2392 1231 2466 singuli
1251 2393 1440 2467 pentametri
1462 2391 1654 2453 hexametris
1675 2394 1806 2469 singulis
1821 2396 2042 2455 coniunctione
2057 2399 2085 2452 et
2106 2396 2173 2474 (vel
2194 2397 2267 2475 que)

503 2495 718 2553 adnectantur.
762 2490 881 2560 Quibus
902 2492 1085 2565 praemissis
1107 2491 1176 2549 luce
1198 2497 1246 2549 est
1268 2493 1382 2561 clarius
1403 2509 1432 2550 r.
1455 2492 1493 2552 8-2
1517 2508 1595 2548 roim
1615 2491 1659 2551 ita
1680 2493 1881 2552 conlocatum
1896 2494 2069 2568 perlectam
2083 2494 2171 2555 illam
2191 2511 2266 2554 con·

503 2591 684 2652 cinnitatem
707 2590 871 2665 insigniter
890 2589 1028 2649 turbare.
1071 2589 1239 2648 Praeterea
1261 2595 1368 2648 autern
1390 2591 1458 2666 ipse
1480 2605 1593 2649 sensus
1620 2591 1767 2665 requirit,
1796 2597 1829 2650 ut
1856 2606 1936 2648 num
1957 2592 2135 2666 reiciamus
2156 2591 2263 2669 recipi-

502 2707 593 2750 amus
614 2705 711 2747 nunc.
754 2687 900 2762 Namque
932 2688 1033 2761 ipsam
1065 2693 1318 2761 praesentem
1351 2704 1441 2746 suam
1469 2686 1689 2746 condicionem
1720 2689 1870 2748 miseram
1903 2689 2026 2764 quaerit
2058 2695 2159 2766 poeta,
2184 2705 2259 2749 num

502 2789 633 2849 Veneris
659 2788 788 2847 numine
818 2785 894 2843 olim
921 2786 1007 2845 laeso
1035 2786 1185 2845 meruerit
1213 2784 1360 2861 (violavi
1383 2833 1388 2844 .
1412 2832 1419 2845 .
1442 2832 1448 2845 .
1470 2803 1571 2844 itanc
1598 2785 1694 2862 urite)
1737 2789 1782 2845 ilc
1809 2785 2022 2847 Baehrensius
2049 2787 2176 2864 quidem
2199 2784 2260 2847 hoc

503 2889 573 2948 loco
595 2886 664 2947 cod.
688 2884 714 2943 G
737 2901 800 2944 non
821 2885 911 2959 sequi
933 2883 1005 2942 ideo
1036 2884 1173 2943 noluisse
1195 2883 1330 2957 videtur,
1353 2885 1426 2959 quia
1448 2884 1577 2943 alterius
1603 2883 1740 2944 familiae
1768 2884 1836 2944 cod.
1860 2885 1885 2942 V
1913 2901 1986 2945 eum
2012 2885 2065 2945 illo
2099 2887 2263 2947 consentit.

503 2985 566 3046 Sed
587 2984 639 3044 hic
661 2998 836 3042 consensus
856 2982 973 3041 nullius
995 2987 1043 3040 est
1065 2982 1228 3054 momenti,
1250 2983 1367 3057 quippe
1389 2981 1473 3058 quod
1498 2998 1582 3040 ›urnc
1603 2987 1635 3040 et
1659 2998 1735 3039 num
1756 2987 1823 3040 tarn
1839 2981 2024 3059 frequenter
2037 2986 2120 3046 inter
2140 3004 2176 3047 se
2191 2998 2269 3047 con·

503 3081 682 3155 fundantur,
705 3087 741 3140 ut
762 3096 850 3139 mero
873 3082 959 3140 casui
980 3080 1034 3140 ille
1055 3080 1097 3139 sit
1117 3080 1315 3140 tribuendus.

609 3179 707 3238 Porro
732 3177 925 3256 Lypffbffl

925 3276 976 3335 AV
998 3274 1062 3335 Sed
1084 3275 1205 3334 tristem
1224 3277 1336 3334 mortis
1358 3276 1548 3334 demonstret
1569 3275 1676 3335 littero
1697 3293 1854 3335 causam

935 3374 961 3434 G
1024 3421 1042 3448 rr
1125 3421 1143 3449 rr
1261 3421 1280 3448 rr
1442 3420 1460 3448 ar
1608 3421 1626 3449 vr
1688 3392 1820 3433 casum

504 3472 715 3535 Baehrensius
735 3473 848 3534 iniuria
870 3478 1001 3533 secutus
1023 3479 1072 3533 est
1092 3472 1162 3532 cod.
1186 3472 1222 3546 G,
1244 3473 1333 3533 cuius
1356 3475 1448 3535 lectio
1469 3491 1578 3532 casum
1599 3476 1662 3534 iam
1687 3474 1847 3536 lluschkio
1873 3477 2081 3552 praeferenda
2101 3476 2270 3537 videbatur

503 3575 630 3651 neganti
653 3571 944 3648 „elegantissimum
966 3569 1145 3630 Tibullum“
1172 3569 1297 3630 duobus
1323 3571 1469 3633 versibus
1490 3575 1662 3634 interiectis
1685 3576 1737 3652 (ct.
1760 3593 1790 3634 v.
1811 3573 1866 3649 30)
1887 3574 1935 3633 bis
1962 3575 2110 3651 posuisse
2129 3574 2269 3635 eandem

502 3689 617 3732 vocem
639 3671 778 3730 eundem
801 3671 1032 3746 exprimentem
1053 3685 1193 3729 sensum.
1229 3668 1292 3728 Sed
1313 3671 1450 3745 primum
1472 3673 1692 3749 repetitionem
1715 3673 1859 3733 eiusdem
1874 3673 2021 3734 vocabuli
2042 3673 2151 3749 paucis
2171 3674 2270 3733 inter·

504 3770 614 3845 positis
635 3768 780 3828 versibus
802 3767 978 3843 elegantiae
1001 3774 1115 3843 poetae
1129 3767 1173 3826 nil
1186 3766 1315 3827 officere
1337 3765 1387 3827 his
1409 3769 1646 3830 demonstretur
1667 3771 1826 3846 exemplis
1839 3769 1906 3830 Tib.
1920 3771 1943 3845 l,
1960 3769 2079 3845 laneo
2093 3775 2193 3829 custos
2212 3819 2218 3830 .
2235 3818 2242 3830 .
2261 3818 2268 3830 .

505 3866 668 3938 cristodes;
700 3868 790 3928 aeda
822 3865 974 3941 arrtt'qnus
1002 3911 1008 3923 .
1037 3911 1044 3924 .
1073 3911 1080 3924 .
1117 3865 1267 3941 utuiqe&
1298 3866 1321 3938 l,
1354 3866 1473 3940 alone
1499 3871 1637 3924 mutatos
1665 3913 1671 3925 .
1701 3913 1707 3926 .
1736 3913 1742 3925 .
1770 3867 1956 3941 mactantem
1985 3869 2007 3942 l,
2036 3869 2174 3942 ludaei
2200 3887 2269 3945 pu-

504 3982 579 4022 rum
600 4010 607 4023 .
631 4011 637 4023 .
661 4011 667 4023 .
688 3981 784 4040 puro.
834 3964 955 4023 Deinde
982 3969 1090 4023 autem
1116 3960 1177 4022 hoc
1198 3964 1266 4038 ipso
1296 3963 1365 4023 loco
1393 3967 1537 4040 repetitio
1565 3966 1682 4025 idcirco
1709 3964 1956 4042 haudquaquam
1981 3968 2062 4027 mira
2085 3972 2144 4040 est,
2172 3967 2270 4043 quod,

504 4067 676 4138 postquam
691 4079 719 4120 v.
734 4062 773 4121 27

913 4140 975 4199 Sed
997 4138 1118 4198 tristem
1141 4138 1251 4197 mortis
1273 4139 1513 4199 demonstret
1535 4140 1670 4201 littera
1691 4161 1847 4203 causam

505 4258 537 4318 in
558 4259 742 4318 universum
764 4257 841 4318 dixit
863 4264 956 4335 poeta
978 4273 1108 4317 causam
1129 4257 1240 4316 mortis
1261 4256 1351 4315 titulo
1373 4255 1485 4330 lapidis
1506 4273 1542 4316 se
1562 4257 1646 4318 velle
1667 4258 1830 4333 declarari,
1857 4277 1908 4319 vv.
1929 4261 2019 4323 2930
2040 4262 2127 4338 ipsos
2153 4277 2269 4321 versus

504 4357 615 4417 indicit
641 4363 848 4418 monumento
874 4357 1044 4434 sepulcrali
1068 4356 1267 4428 incidendae,
1292 4353 1409 4430 quibus
1430 4353 1484 4412 illa
1505 4371 1602 4416 causa
1622 4359 1805 4418 accuratius
1831 4364 1968 4418 notetur.
2009 4359 2122 4436 Itaque
2142 4364 2270 4419 tantum

506 4455 605 4529 abest,
627 4462 661 4516 ut
676 4457 897 4532 pleonasmum
918 4453 981 4514 boc
996 4455 1066 4515 loco
1081 4452 1266 4527 habeamus,
1288 4458 1323 4512 ut
1345 4457 1455 4511 contra
1469 4455 1604 4516 alterum
1618 4473 1715 4515 causo
1729 4456 1828 4516 altero
1843 4456 1998 4517 fulciatur.
2034 4459 2138 4536 Atque
2152 4455 2270 4518 horum

506 4570 634 4631 quoque
655 4555 883 4615 vocabulorum
905 4557 1050 4631 (causam
1070 4555 1191 4631 cauam)
1211 4559 1278 4613 tam
1298 4553 1448 4629 frequens
1470 4561 1519 4614 est
1538 4557 1670 4615 variatio
1691 4556 1723 4614 in
1745 4553 1916 4628 codicibus,
1938 4562 1973 4616 ut
1988 4558 2118 4617 minime
2133 4572 2269 4616 necesse

479 4714 483 4721 ,
506 4655 546 4713 sit
567 4670 641 4713 cum
668 4652 893 4728 Rossbergio1)
915 4651 1190 4727 interpolationem
1211 4657 1398 4714 statuamus.

507 4906 718 4914 ————-—
