4732 5746
237 891 259 956 I,
279 895 340 961 1,51

199 1400 222 1463 1,
235 1398 343 1470 aaaao

1187 327 1386 389 ..34-

400 514 446 575 lte
467 515 661 577 coniecturis
689 521 799 593 aperte
824 515 911 578 falsis
938 522 971 576 et
996 514 1147 575 Italorum
1173 512 1213 572 ab
1240 512 1373 590 inseruu
1396 561 1403 575 .
1424 561 1431 576 .
1453 521 1522 573 rate
1547 521 1580 576 et
1600 512 1770 577 Schraderi
1798 521 1832 574 at
1857 513 1991 591 inferna
2011 515 2081 571 rate
2102 526 2168 571 non

400 619 459 687 est,
480 613 566 689 quod
588 612 688 674 verba
710 614 871 674 faciamus.

505 708 799 789 lllladpag.10.

507 811 588 870 Huic
609 811 739 885 regulae
759 823 950 885 magnopere
971 812 1126 883 repugnat
1155 805 1284 879 Heinsii,
1317 823 1412 883 quam
1441 809 1652 870 Baehrensius
1683 807 1742 868 sibi
1768 808 1952 880 vindicavit,
1979 806 2165 866 coniectura

398 909 438 969 ad
459 910 482 985 1,
504 908 569 983 i‚5l
594 909 715 985 prolata

776 1002 801 1062 0
822 1009 981 1080 quantum
1004 1008 1048 1060 est
1069 1003 1145 1060 artri
1163 1007 1298 1078 pereat
1318 1008 1562 1079 pereantque
1583 1003 1760 1081 stuareqdi.

399 1105 462 1164 Sed
491 1103 552 1163 hoo
577 1102 647 1163 loco
670 1119 726 1178 pro
751 1107 859 1178 pereat
883 1101 1065 1176 portusque,
1094 1100 1179 1176 qnod
1206 1101 1298 1161 codd.
1326 1098 1490 1173 exhibent,
1518 1116 1591 1161 cum
1617 1101 1703 1160 Italis
1728 1101 1931 1161 scribendum
1959 1115 2030 1161 esse
2052 1099 2165 1175 potius

394 1205 570 1278 pereatque
596 1200 679 1259 bene
707 1199 856 1260 disseruit
880 1196 1054 1259 Dissenius.
1067 1194 1094 1274 1)

505 1295 569 1372 IV)
591 1298 629 1357 ad
645 1314 714 1373 pag.
730 1298 778 1357 22.

505 1394 742 1469 Baehrensium‚
764 1394 861 1470 quil,
888 1393 1008 1467 23930
1028 1410 1086 1453 suo
1114 1394 1183 1453 loco
1205 1392 1324 1453 alienos
1352 1393 1503 1454 iudicavit
1522 1410 1646 1466 versus,
1676 1395 1825 1471 effugisse
1850 1395 1976 1455 videtur
2003 1392 2162 1455 Wunder·

397 1491 516 1567 liohii2)
544 1493 585 1553 de
611 1493 841 1552 sententiarum
869 1507 952 1552 nexu
978 1492 1130 1551 iudicium
1157 1491 1322 1568 prolatum.
1372 1491 1545 1567 Postquam
1572 1493 1656 1552 enim
1684 1510 1742 1552 suo
1765 1492 1862 1569 ipsius
1888 1493 2034 1568 exemplo
2065 1497 2163 1566 poeta

398 1594 629 1653 demonstravit
652 1590 794 1663 salubus,
817 1606 897 1665 quos
918 1609 982 1647 uou
1005 1594 1088 1648 uetat
1110 1589 1242 1647 obscura
1262 1607 1393 1665 surqere
1415 1597 1502 1648 riocte
1517 1589 1624 1662 tiruor,
1642 1592 1727 1651 nulla
1742 1592 1892 1668 pericula,
1914 1592 2015 1651 nullas
2030 1589 2162 1649 insidias

396 1694 429 1751 in
449 1693 501 1751 via
520 1698 675 1751 nocturna
696 1691 871 1762 imminere,
892 1690 1055 1766 aptissime
1077 1687 1137 1747 hae
1158 1704 1216 1747 sua
1236 1688 1335 1762 ipsius
1358 1704 1396 1746 ex
1411 1688 1650 1748 incolumnitate
1664 1691 1847 1763 generalem
1868 1692 1946 1766 petit
1967 1689 2161 1750 sententiam

399 1788 552 1865 Quisquis
583 1806 693 1846 amore
723 1793 849 1845 tenetur
884 1790 934 1845 eut
971 1793 1119 1863 tutusque
1144 1804 1294 1862 sacerque
1314 1803 1343 1847 e.
1365 1802 1394 1862 q.
1417 1804 1442 1846 S.
1485 1788 1582 1847 Porro
1608 1789 1759 1863 respicias
1787 1789 2008 1865 Propertianos
2034 1804 2161 1859 versus,

397 1891 451 1963 qui
472 1886 556 1947 hunc
579 1888 683 1946 locum
706 1886 905 1961 apertissime
926 1886 1104 1960 exprimunt
1126 1884 1174 1955 lV,
1196 1883 1280 1957 15,ll
1305 1899 1376 1960 sqq.

611 1984 644 2044 ll
671 1982 734 2040 Nec
756 1989 862 2041 tamen
883 1986 927 2039 est
947 1983 1119 2058 quisquam
1139 1999 1244 2039 sacros
1266 1980 1322 2057 qui
1343 1981 1450 2040 taedet
1472 1990 1617 2041 amantes
1639 2009 1672 2032 =
1688 1984 1754 2044 Tib.
1776 2000 1827 2043 vv.
1849 1984 1940 2045 2728

609 2080 649 2140 13
674 2078 825 2155 Quisquis
847 2084 973 2137 amator
993 2077 1065 2150 erit,
1093 2077 1249 2153 Scythicis
1271 2079 1342 2136 licet
1369 2079 1505 2137 ciubulet
1526 2082 1592 2139 oris¹
1628 2154 1660 2163 -
1683 2124 1740 2185 Tib
1772 2141 1812 2183 W
1842 2124 1934 2187 2930

613 2179 651 2238 ta
671 2175 768 2234 Nemo
791 2175 869 2233 adeo
891 2184 926 2236 ut
947 2183 1056 2234 rioceut
1078 2175 1232 2234 burburus
1254 2195 1318 2235 esse
1339 2177 1419 2235 uolet
1629 2168 1660 2177 ”
1743 2171 1748 2183 ’
1816 2171 1822 2184 ’
1885 2173 1890 2184 '

396 2278 491 2338 Vides
511 2279 604 2352 igitur
625 2277 823 2353 Propertium
844 2275 982 2336 eundem
1008 2278 1238 2337 sententiarum
1259 2276 1404 2336 ordinem
1425 2278 1603 2336 retinuisse.

505 2377 561 2437 llic
584 2377 736 2450 Propertii
757 2375 844 2434 locus
866 2375 983 2434 claram
1005 2374 1171 2434 offundere
1191 2375 1316 2434 videtur
1336 2376 1441 2434 lucem
1462 2375 1502 2434 ad
1524 2374 1591 2434 Tib.
1612 2374 1635 2446 I,
1655 2375 1735 2447 225,
1749 2375 1803 2437 ubi
1819 2393 1879 2436 vox
1894 2377 2023 2449 arveius,
2038 2378 2159 2454 quippe

394 2493 476 2553 quae
497 2478 603 2536 sensui
627 2476 761 2534 adversa
788 2473 893 2533 fronte
913 2480 1076 2549 repugnet,
1097 2475 1160 2534 iam
1182 2473 1301 2533 dudum
1318 2475 1391 2534 viris
1406 2473 1509 2533 doctis
1528 2474 1634 2533 iniecit
1647 2474 1840 2548 scrupulum.
1883 2474 2049 2546 Quomodo
2068 2479 2158 2537 enim

395 2575 547 2634 anxium
569 2589 605 2631 se
627 2572 733 2646 vagari
755 2573 781 2630 is
802 2577 906 2647 potest
928 2571 1045 2644 dicere,
1067 2573 1120 2646 qui
1141 2588 1199 2630 suo
1220 2572 1318 2647 ipsius
1340 2573 1485 2647 exemplo
1508 2578 1631 2631 amatae
1653 2588 1813 2647 exponere
1839 2575 1921 2647 vult,
1943 2575 2019 2633 solis
2039 2576 2157 2635 intre·

394 2672 494 2749 pidis
517 2670 671 2728 Venerem
692 2667 818 2727 savere‘l
841 2668 959 2728 Interiit
980 2685 1058 2727 sane
1084 2685 1113 2739 v,
1135 2669 1188 2741 263
1216 2674 1323 2727 tamen
1352 2684 1392 2727 ne
1419 2667 1470 2727 hie
1497 2670 1625 2744 quidem
1652 2671 1753 2746 potuit
1778 2672 1949 2746 quicquam
1978 2674 2153 2739 continere,

395 2786 457 2845 quo
484 2768 601 2825 utlaius
628 2765 866 2839 defenderetur,
890 2766 951 2824 nisi
975 2764 1055 2824 forte
1083 2771 1293 2841 pentameter,
1322 2768 1375 2841 qui
1401 2766 1532 2837 excidit,
1555 2769 1708 2842 expressit
1734 2767 1889 2827 Venerem
1916 2776 2030 2844 poetae
2060 2770 2156 2829 anxio

395 2882 468 2925 non
489 2865 606 2935 lavere,
627 2862 659 2922 id
680 2862 764 2938 quod
787 2878 891 2937 neque
912 2861 1082 2937 quadraret
1098 2861 1138 2920 ad
1160 2880 1206 2935 ea,
1228 2879 1310 2939 quae
1324 2870 1510 2938 sequuntur,
1526 2881 1630 2940 neque
1644 2871 1753 2940 aptum
1768 2873 1854 2926 esset
1871 2868 1975 2927 Deliae
1989 2867 2159 2927 audaciam

394 2964 431 3023 ad
450 2961 655 3022 inferendam.
684 2961 794 3035 ltaque
817 2966 903 3020 reete
924 2961 990 3018 lere
1004 2961 1247 3035 interpolatores
1261 2979 1391 3022 sensum
1406 2964 1594 3037 pentametri
1615 2965 1753 3023 assecuti
1767 2970 1851 3023 sunt.
1884 2962 2023 3024 Ollensio
2038 2971 2159 3037 autem,

394 3079 477 3139 quae
497 3062 582 3120 inest
603 3058 673 3117 voci
688 3056 816 3128 armins,
838 3074 901 3116 non
921 3058 1043 3117 tollitur
1064 3058 1324 3134 interpretatione
1344 3057 1482 3135 tessal)
1505 3066 1537 3119 et
1559 3058 1737 3136 Dissenii,⁴)
1760 3063 1813 3136 qui
1835 3062 1954 3119 atialus
1975 3062 2061 3121 idem
2084 3078 2160 3122 esse

394 3161 504 3219 volunt
526 3156 610 3232 quod
632 3156 763 3230 „anxius
785 3172 903 3229 amore,
925 3155 1041 3214 amoris
1063 3159 1146 3215 curis
1168 3157 1352 3216 sollicitus.“
1393 3157 1494 3229 Quam
1510 3163 1621 3217 contra
1642 3159 1887 3235 explicationem
1908 3160 2045 3234 primum
2067 3166 2157 3219 recte

394 3258 471 3318 dicit
493 3250 785 3330 Wunderlichiusl)
808 3254 850 3313 nil
873 3270 953 3327 esse,
975 3253 1059 3328 quod
1082 3260 1176 3329 poeta
1197 3257 1314 3314 amoris
1335 3257 1419 3315 curis
1439 3255 1594 3316 sollicitus
1619 3257 1674 3329 sit;
1701 3255 1816 3316 deinde
1843 3262 1949 3316 autem
1975 3258 2158 3319 rectissime

394 3360 501 3416 monet
523 3352 770 3427 Baehrensius‘i)
791 3352 852 3414 hoo
868 3354 1058 3414 vocabulum
1080 3353 1120 3412 ob
1140 3352 1301 3413 vitandam
1317 3353 1554 3429 ambiguitatem
1575 3352 1718 3413 adhiberi
1740 3355 1897 3428 nequisse,
1919 3355 2036 3431 quippe
2067 3356 2157 3432 quod

393 3470 488 3513 nemo
510 3470 572 3512 non
595 3453 755 3527 acciperet
777 3468 833 3527 pro
855 3459 1031 3524 „metuens
1052 3449 1210 3510 timidus.“
1253 3451 1297 3509 Ac
1321 3448 1531 3510 Raebrensius
1552 3451 1680 3525 quidem
1703 3451 1848 3509 incitus
1863 3452 2069 3513 scribendum
2084 3470 2161 3514 esse

392 3556 490 3627 putat.
533 3551 602 3610 Mea
623 3556 731 3610 tamen
752 3550 908 3608 sententia
930 3551 961 3608 in
982 3565 1062 3607 voce
1083 3548 1201 3605 arreins
1223 3548 1340 3623 aliquid
1363 3550 1448 3621 latet,
1470 3550 1555 3624 quod
1577 3550 1669 3609 etad
1692 3552 1823 3623 vestigia
1846 3549 1958 3611 tradita
1978 3556 2010 3610 et
2024 3550 2064 3610 ad
2086 3567 2160 3612 rem

391 3650 494 3725 ipsam
516 3649 644 3725 propius
666 3646 808 3707 accedat.
851 3647 916 3706 lam
937 3662 1139 3705 recurramus
1160 3645 1200 3704 ad
1223 3646 1375 3721 Propertii
1397 3646 1474 3705 illud
1496 3662 1624 3707 carmen
1651 3664 1747 3722 supra
1776 3654 2076 3723 commemoratum,
2099 3650 2158 3711 ubi

392 3746 515 3805 videbis
536 3764 586 3805 vv.
609 3744 749 3818 lapsas
770 3750 897 3821 poetam
919 3750 967 3803 sat
990 3744 1119 3819 copiose
1140 3744 1240 3803 verba
1261 3745 1366 3804 lacere
1388 3744 1427 3804 de
1449 3745 1525 3819 ipsis
1546 3747 1631 3819 viis,
1654 3746 1769 3821 quibus
1796 3749 1933 3807 maxime
1959 3748 2078 3807 instant
2099 3763 2159 3823 pe-

393 3845 499 3903 ricula.
543 3844 622 3904 Cum
642 3843 739 3916 igitur
760 3841 821 3901 hoc
842 3841 1017 3902 Tibulliano
1040 3843 1109 3900 loco
1131 3841 1171 3901 de
1192 3841 1341 3918 periculis
1363 3842 1493 3915 dicatur,
1516 3843 1621 3917 qualia
1635 3843 1829 3903 amatoribus
1843 3844 2031 3919 vagantibus
2053 3845 2160 3907 immi·

393 3956 468 4000 nere
489 3942 592 3999 solent
615 3940 667 4019 (cf.
691 3941 796 3999 Horat.
818 3940 881 4000 Sat.
904 3940 926 4013 Ι,
948 3939 1041 4013 ali),
1064 3940 1197 3998 fortasse
1218 3946 1251 3998 et
1272 3939 1422 4012 Tibullus,
1445 3957 1541 4016 quem
1554 3940 1734 4016 Propertius
1749 3942 1889 4001 imitatus
1904 3948 1967 4015 est,
1990 3943 2053 4002 iam
2073 3943 2158 4004 indi·

393 4044 531 4111 caverat,
552 4038 617 4098 ubi
638 4044 669 4097 et
691 4053 764 4113 qua
785 4039 850 4097 via
871 4037 1003 4096 insidiae
1025 4038 1096 4097 illae
1119 4037 1240 4096 fierent.
1283 4036 1369 4097 Talia
1390 4045 1497 4097 autem
1520 4055 1583 4097 non
1609 4039 1693 4098 clara
1720 4040 1805 4111 luce,
1833 4039 1890 4099 sed
1918 4039 2065 4113 taricheis,
2090 4059 2159 4101 non

391 4138 452 4196 viis
473 4137 663 4208 celebribus,
688 4137 745 4197 sed
766 4137 971 4197 deverticulis
993 4135 1119 4210 vaganti
1141 4153 1310 4196 occurrere
1332 4143 1472 4213 possunt.
1516 4137 1623 4210 Porro,
1645 4138 1795 4214 quoniam
1823 4154 1885 4196 uon
1910 4144 2033 4197 temere
2054 4144 2086 4198 et
2108 4141 2158 4200 in·

392 4237 537 4294 consulte
563 4250 598 4293 se
627 4239 796 4309 vagantem
822 4234 943 4308 fingere
969 4240 1075 4309 potest
1101 4243 1209 4311 poeta,
1230 4236 1289 4296 sed
1310 4252 1438 4296 cursum
1460 4237 1645 4296 tendentem
1666 4236 1706 4295 ad
1735 4243 1871 4296 amatam
1897 4253 1988 4297 snam
2018 4253 2160 4314 eamque

391 4339 524 4408 nuptam
545 4339 577 4391 et
598 4349 617 4390 a
638 4333 751 4392 marito
773 4333 897 4391 aemulo
919 4347 1016 4391 saeve
1038 4333 1238 4407 custoditam,
1259 4335 1342 4394 bene
1362 4334 1583 4411 intellegimus
1605 4350 1662 4393 cur
1683 4332 1818 4391 tenebris
1839 4341 1986 4409 vagetur,
2014 4340 2046 4394 et
2067 4343 2159 4412 post·

392 4502 445 4509 ·.—
494 4503 607 4510 ...—

503 4606 523 4674 ¹)
541 4609 693 4661 comment
712 4621 741 4673 p.
760 4604 804 4660 al.

502 4698 523 4764 ²)
542 4699 659 4751 observ.
681 4709 710 4762 p.
733 4696 775 4749 34.

504 4786 525 4854 ³)
545 4801 573 4854 p.
593 4784 652 4841 155.

500 4876 523 4943 ⁴)
541 4878 700 4929 comment.
720 4888 747 4942 p.
767 4872 803 4926 39

501 4963 523 5030 ⁸)
542 4965 659 5019 observ.
678 4979 707 5032 p.
726 4961 768 5016 34.

501 5051 523 5120 ⁰)
542 5053 653 5121 proleg.
672 5067 699 5120 p.
718 5050 761 5105 Ὦ.
