4732 5746
1006 305 1207 366 ..31-

330 493 596 556 Baehrensius
617 493 715 553 falsus
736 497 794 566 est,
816 490 902 567 quod
924 490 1068 552 codicem
1091 489 1119 550 G
1139 491 1418 568 interpolationum
1444 498 1607 569 expertem
1629 508 1702 553 esse
1723 500 1754 553 et
1777 494 1988 571 principatum

222 600 334 654 tenere
372 591 504 664 iudicat,
543 590 671 650 codices
701 590 756 650 AV
787 606 845 666 per
886 590 1146 666 interpolationes
1187 595 1352 667 corruptos
1392 596 1517 664 censet,
1544 591 1587 650 ita
1624 597 1659 650 ut
1697 592 1793 652 etiam
1832 594 1870 653 iis
1910 592 1989 654 locis

222 691 366 750 codicem
389 687 415 747 G
436 694 602 764 sequatur,
630 686 744 762 quibus
769 685 824 746 ille
844 703 903 746 seu
927 702 985 762 per
1011 686 1244 762 neglegentiam
1273 692 1441 763 corruptus
1462 693 1527 761 est,
1549 704 1607 748 seu
1627 689 1878 766 interpolationis
1898 692 1989 767 signa

223 790 311 864 quasi
339 792 449 863 aperta
485 787 588 847 fronte
615 801 690 862 prae
724 801 760 844 se
794 785 862 844 lert.
912 786 1012 844 Recte
1038 792 1147 844 tamen
1175 785 1283 846 mullis
1311 786 1389 846 locis
1417 785 1536 845 codicis
1562 785 1588 845 G
1615 788 1787 864 scripturas
1812 788 1845 848 in
1866 796 1989 850 textum

220 887 350 962 recepit.

221 985 226 992 ’
328 985 465 1060 Itaque
486 983 585 1043 banc
605 984 716 1043 inter
737 982 833 1043 duas
853 980 1029 1061 iajmilias
1051 982 1230 1042 codicum
1252 983 1495 1044 intercedere
1521 983 1709 1044 rationem
1736 984 1987 1046 statuendum

220 1085 388 1144 ridetur:
526 1141 531 1154 ,

330 1180 438 1239 Codex
460 1179 487 1239 G
508 1179 583 1239 boni
605 1178 734 1254 quidem
756 1177 933 1253 eststirpis
953 1176 1126 1253 multisque
1148 1179 1235 1253 locis,
1258 1178 1310 1239 ubi
1331 1178 1431 1238 altera
1451 1177 1568 1238 lamilia
1587 1195 1646 1255 per
1662 1179 1860 1240 librariorum
1881 1180 1989 1256 negle-

224 1282 361 1357 gentiam
389 1284 538 1353 corrupta
565 1282 630 1349 est,
657 1292 751 1335 veras
776 1275 916 1334 servavit
950 1275 1139 1350 scripturas3
1167 1276 1223 1336 sed
1251 1278 1389 1352 primum
1415 1280 1464 1335 sat
1490 1276 1695 1352 neglegenter
1720 1277 1899 1353 descriptus
1924 1283 1987 1352 est;

225 1378 340 1439 deinde
359 1376 444 1438 haud
466 1375 575 1450 paucis
597 1374 674 1433 locis
695 1371 838 1433 diversas
859 1370 900 1431 ob
921 1387 1034 1432 causas
1056 1379 1204 1449 expertus
1232 1379 1280 1434 est
1300 1390 1431 1435 manum
1463 1373 1741 1450 interpolatricem.

331 1473 460 1533 Codices
490 1470 550 1531 AV
579 1487 774 1548 quamquam
805 1471 905 1530 multo
936 1470 1105 1532 deterioris
1136 1477 1212 1533 sunt
1248 1471 1386 1548 originis,
1417 1477 1525 1532 tamen
1555 1488 1713 1549 nusquam
1738 1473 1987 1549 interpolationis

222 1575 376 1655 praebent
396 1573 620 1650 suspicionem,
640 1570 697 1630 sed
719 1585 776 1646 per
795 1568 939 1630 librarios
959 1568 1104 1630 indoctos
1126 1571 1265 1630 maxima
1285 1586 1359 1630 cum
1379 1569 1573 1629 verecundia
1593 1569 1710 1647 depicti
1724 1578 1806 1644 suut,
1827 1571 1931 1646 quade
1952 1589 1988 1633 re

221 1676 260 1735 iis
286 1673 379 1747 locis,
407 1672 460 1731 ubi
486 1672 555 1733 cod.
585 1671 610 1731 G
633 1677 687 1731 aut
713 1686 771 1747 per
795 1670 1028 1746 neglegentiam
1053 1676 1107 1730 aut
1132 1686 1189 1746 per
1209 1669 1483 1747 interpolationem
1514 1669 1707 1730 delonnatus
1729 1678 1787 1745 est,
1809 1676 1914 1731 rectas
1935 1686 1988 1730 ex·

220 1771 331 1834 hibent
351 1773 534 1848 scripturas.
591 1799 599 1817 ·

331 1869 481 1929 Videmus
503 1869 598 1945 igitur
616 1884 691 1928 suas
712 1873 880 1941 utramque
901 1864 1050 1925 familiam
1072 1864 1174 1924 bonus
1196 1865 1362 1942 malasque
1383 1864 1501 1926 habere
1523 1866 1676 1926 lectiones
1697 1884 1800 1943 neque
1822 1883 1908 1941 esse,
1931 1884 1988 1928 our

221 1971 354 2029 alteram
376 1983 452 2043 prae
474 1967 572 2027 altera
592 1966 790 2026 extollamus.

330 2064 450 2137 Quibus
472 2064 622 2141 expositis
653 2065 690 2123 in
712 2061 883 2123 diversis
903 2059 1144 2120 testimoniis
1171 2059 1439 2122 diiudicandis
1465 2060 1562 2122 haec
1588 2062 1687 2123 ratio
1714 2061 1807 2124 mihi
1828 2063 1988 2123 videtur

221 2162 468 2224 instituenda
489 2177 589 2223 esse:

328 2260 517 2335 Ubicunque
538 2261 582 2318 ita
602 2259 685 2318 inter
706 2273 742 2318 se
763 2256 953 2317 dissentiunt
974 2257 1056 2318 duae
1078 2258 1226 2319 codicum
1246 2258 1392 2333 familiae,
1413 2265 1449 2318 ut
1470 2276 1526 2335 per
1547 2276 1582 2320 se
1607 2262 1772 2337 utriusque
1793 2261 1867 2320 ferri
1888 2260 1987 2337 possit

223 2360 385 2434 scriptura,
408 2358 538 2418 calculis
560 2374 600 2417 ex
619 2372 813 2433 unoquoque
833 2356 903 2417 loco
926 2357 1031 2432 petitis
1054 2355 1237 2416 discernere
1251 2354 1415 2431 debemus
1432 2361 1503 2417 utra
1516 2357 1610 2418 lectio
1624 2360 1761 2434 genuina
1774 2359 1824 2418 sit.
1855 2356 1989 2433 Semper

224 2462 330 2517 autem
351 2457 498 2532 primaria
520 2455 579 2515 erit
600 2455 754 2530 quaestio,
776 2470 853 2514 num
868 2454 986 2514 codicis
1007 2454 1033 2514 G
1055 2455 1213 2530 scriptura
1233 2454 1482 2532 interpolationis
1502 2461 1630 2515 moveat
1651 2457 1875 2532 suspicionem,
1898 2453 1988 2515 cuius

222 2555 259 2614 iis
280 2555 359 2614 locis
380 2552 534 2614 habemus
555 2553 622 2614 fere
643 2552 804 2626 indicium,
825 2552 879 2612 ubi
900 2553 999 2613 altera
1020 2552 1113 2613 lectio
1135 2569 1174 2613 ex
1200 2553 1299 2613 altera
1323 2568 1382 2630 per
1408 2553 1584 2630 simplicem
1610 2554 1728 2615 librarii
1753 2569 1896 2614 errorem
1917 2568 1988 2629 pro-

221 2653 305 2713 fecta
327 2668 399 2713 esse
420 2653 546 2726 nequit3
568 2657 638 2711 tum
661 2649 751 2710 codd.
774 2649 827 2710 AV
849 2666 1023 2727 sequamur
1042 2666 1177 2711 necesse
1198 2655 1255 2710 est.
1298 2651 1352 2711 Sin
1375 2655 1483 2710 autern
1506 2651 1625 2712 codicis
1647 2651 1674 2711 G
1695 2652 1852 2729 scriptura
1873 2668 1931 2728 per
1951 2667 1987 2712 se

220 2747 431 2841 praeferenda
453 2754 502 2807 est
523 2763 627 2825 neque
648 2746 748 2808 ullam
768 2762 845 2824 prae
865 2764 900 2808 se
926 2747 988 2808 lert
1008 2747 1262 2825 interpolationis
1283 2748 1439 2825 speciem,
1460 2745 1539 2807 haec
1560 2750 1733 2826 antiquitus
1753 2750 1869 2810 tradita
1891 2754 1988 2826 atque

223 2853 313 2906 recta
333 2845 500 2906 iudicanda
524 2853 582 2908 est.
1838 2869 1840 2873 ’
