4732 5746
1027 324 1227 386 ..97-

242 509 413 571 Praeterea
433 510 585 586 respicias
599 509 706 584 velim,
718 515 872 586 qnantum
893 509 1018 570 intersit
1037 511 1122 571 inter
1142 509 1257 572 horum
1270 528 1422 573 versuum
1443 512 1559 587 (3³34)
1572 514 1714 573 colorem
1728 515 1885 574 sermonis
1906 521 2002 591 atque

237 625 358 683 eorum,
380 615 413 669 et
434 608 487 683 qui
509 607 704 668 antecedunt
725 613 758 668 et
778 608 832 683 qui
852 614 1038 682 sequuntur,
1059 609 1176 685 quippe
1197 610 1251 685 qui
1272 609 1314 668 ad
1333 626 1432 670 unum
1453 626 1566 670 ornnes
1586 609 1725 670 flebilem
1746 612 1867 686 spirent
1887 628 2002 672 sonum

237 724 373 784 eamque
393 709 495 784 ipsam
516 705 557 765 ob
578 721 708 767 causam
729 707 879 784 incipiant
899 723 918 764 a
938 706 1173 767 miserabilibus
1201 706 1481 767 exclamationibus
1510 708 1548 767 cl.
1569 724 1623 767 vv.
1646 707 1794 768 993031
1819 725 1918 784 quum
1939 709 2001 768 cito

235 813 287 867 ter
317 809 348 866 in
378 806 467 866 initio
499 805 647 881 positum,
673 821 703 863 v.
725 803 761 866 31
795 821 894 880 quom
928 807 1020 879 iacet,
1041 822 1073 866 v.
1101 808 1141 868 35
1166 806 1308 865 crudeles
1336 805 1425 864 disti!
1452 806 1492 866 At
1517 823 1595 866 vero
1621 807 1768 867 versibus
1793 806 1884 867 3334
1903 805 2000 867 inter-

235 906 342 966 missis
363 904 513 979 Priapum
535 902 681 962 audimus
702 918 766 962 non
792 902 916 979 ipsum
944 910 1176 978 querentem
1204 904 1244 965 de
1271 905 1401 965 interitu
1428 903 1648 980 pulcritudinis
1669 910 1702 964 et
1722 904 1846 979 virium,
1867 904 1925 964 sed
1947 904 2001 964 ad.

234 1001 422 1065 hortationis
443 1017 541 1062 causa
561 1006 808 1061 enarrantem
829 1001 967 1077 aliquem
988 1018 1024 1061 se
1045 1002 1164 1062 vidisse
1184 1008 1391 1062 maerentem.
1411 1033 1452 1044 -
1477 1000 1597 1073 Quibus
1624 1003 1776 1077 expositis
1800 1019 1866 1062 non
1892 1002 2001 1065 dubito

235 1098 307 1162 hos
333 1116 476 1161 versus
503 1103 573 1174 pro
599 1099 747 1172 spuriis
773 1095 927 1158 hahere.
976 1098 1067 1171 Quod
1093 1101 1119 1160 si
1148 1102 1192 1160 ita
1217 1105 1281 1174 est,
1302 1131 1343 1143 —
1363 1106 1398 1158 ut
1426 1099 1608 1173 redeamus,
1633 1099 1720 1159 unde
1745 1099 1934 1161 defleximus
1962 1133 2001 1145 -

235 1199 440 1259 statuendum
462 1202 513 1257 est
532 1196 790 1272 interpolatorem
812 1213 867 1271 eqo
889 1203 961 1274 post
976 1197 1045 1256 vidi
1059 1199 1253 1259 inserentem
1274 1213 1337 1256 non
1359 1198 1464 1272 ipsum
1486 1202 1614 1273 poetam
1629 1197 1815 1272 correxisse,
1836 1197 1894 1257 sed
1915 1214 2000 1266 eum,

234 1297 287 1372 qui
308 1312 422 1355 versus
443 1293 515 1355 illos
535 1293 567 1352 in
589 1291 761 1370 archetypo
784 1291 837 1371 (Ο)
858 1293 1068 1370 interpolavit.

164 1466 169 1480 ι
341 1395 446 1470 Atque
468 1390 553 1451 haud
573 1392 642 1451 scio
666 1407 706 1451 an
727 1391 872 1451 similiter
898 1391 1102 1453 iudicandum
1128 1395 1170 1454 sit
1195 1395 1236 1455 de
1262 1397 1489 1471 discrepantia,
1515 1410 1611 1472 quam
1637 1394 1772 1471 legimus
1797 1394 1820 1468 I,
1841 1394 1922 1469 6:12,
1943 1395 1997 1455 ubi
2025 1403 2236 1464 Deversihus'

233 1490 324 1551 codd.
347 1488 498 1550 exhibent
552 1488 588 1550 71
699 1487 751 1561 ut,
774 1488 802 1546 si
823 1489 902 1564 quid
921 1506 1047 1566 pecasse
1064 1497 1160 1567 putat
1180 1492 1340 1568 ducorque
1361 1491 1485 1569 capillis
2049 1478 2070 1544 1·
2089 1477 2196 1548 ΜΝΞ

559 1588 599 1647 72
619 1586 672 1646 AV
819 1584 984 1645 Immerito
1005 1589 1189 1664 proprius
1208 1590 1399 1667 proriorque
1419 1589 1487 1648 vius

634 1684 661 1746 G
754 1759 756 1764 Ι
888 1733 905 1761 ,,
997 1705 1222 1764 properans
1283 1736 1302 1763 „

235 1786 302 1847 Hoc
322 1786 393 1846 loco
414 1786 484 1847 cod.
508 1784 534 1846 G
555 1785 651 1846 lectio
669 1803 849 1862 properans
870 1787 1061 1863 Rossbergio
1077 1795 1259 1848 correctura
1281 1804 1353 1848 esse
1366 1787 1493 1847 videtur
1505 1787 1594 1847 vocis
1613 1786 1776 1863 proprios,
1798 1802 1880 1862 quae
1901 1803 1999 1846 sensu

234 1891 330 1945 caret.
372 1883 440 1955 Qua
467 1883 507 1944 de
527 1900 563 1944 re
584 1885 748 1944 mittamus
769 1901 852 1945 nunc
874 1884 949 1962 quid
970 1885 1175 1947 statuendum
1197 1888 1237 1948 sit
1259 1893 1292 1947 et
1316 1893 1517 1947 transeamus
1538 1891 1641 1946 totum
1662 1884 1701 1945 ad
1723 1883 1881 1946 distichon
1901 1883 1998 1945 olien-

233 1980 376 2042 sionibus
396 1988 523 2043 scatens
544 1985 722 2045 accuratius
743 1984 997 2046 examinandum.
1039 1983 1087 2043 Ac
1108 1985 1244 2059 primurn
1266 1982 1397 2059 quidem
1418 1982 1568 2043 vitiosum
1589 1988 1639 2042 est
1665 1982 1692 2039 si
1720 1981 1799 2058 qnid
1818 1998 1998 2058 peccasse

234 2085 348 2156 putot
363 2095 420 2156 pro
432 2097 487 2138 me
502 2098 631 2157 pecasse
648 2087 744 2157 putot
758 2080 879 2157 puella3
901 2099 985 2155 nam,
1000 2087 1036 2141 ut
1049 2086 1137 2141 recte
1159 2080 1235 2141 dicit
1249 2080 1422 2156 Dissenius,
1432 2078 1458 2159 1)
1474 2080 1505 2140 in
1522 2082 1768 2153 constructione,
1790 2081 1844 2156 qui
1863 2085 1997 2139 vocatur

234 2178 436 2239 accusativus
455 2194 528 2239 oum
549 2179 714 2252 infinitivo,
734 2177 912 2239 subiectum
934 2186 1001 2240 tum
1022 2185 1148 2240 tantum
1163 2178 1357 2240 Graecorum
1379 2195 1468 2240 more
1489 2183 1592 2255 potest
1613 2179 1725 2252 omitti,
1747 2194 1820 2238 cum
1842 2177 1927 2239 idern
1943 2184 1998 2241 est

234 2276 325 2336 verbi
346 2282 375 2336 et
396 2275 564 2352 primariae
585 2283 618 2337 et
638 2277 846 2339 secundariae
874 2279 1115 2353 enuntiationis3
1141 2276 1203 2338 hoc
1229 2277 1322 2354 igitur
1348 2277 1418 2337 loco
1446 2294 1477 2334 se
1503 2281 1611 2352 posset
1638 2275 1762 2350 abesse,
1791 2292 1894 2352 neque
1920 2294 1996 2338 vero

234 2389 284 2431 me
304 2379 406 2450 potest
426 2372 608 2436 desiderari.
650 2376 820 2436 Praeterea
845 2376 1033 2437 indicativus
1057 2378 1152 2452 putat
1177 2392 1241 2436 uon
1267 2382 1355 2435 recte
1382 2391 1454 2435 sese
1475 2372 1581 2447 habet,
1602 2375 1750 2449 quoniam
1772 2375 1874 2452 agitur
1895 2374 1935 2434 de
1963 2390 1997 2434 ra

234 2471 316 2543 ficta,
336 2477 370 2531 ut
391 2472 525 2549 adparet
545 2491 585 2534 ex
605 2474 760 2548 versibus,
781 2480 814 2534 et
835 2477 888 2551 qui
910 2475 1103 2535 antecedunt
1125 2474 1157 2534 et
1178 2474 1232 2549 qni
1260 2480 1439 2550 sequuntur
1463 2472 1515 2550 (69
1536 2472 1611 2546 aiut,
1633 2474 1672 2533 70
1692 2459 1821 2548 possim,
1842 2471 1881 2533 ‘13
1900 2471 1997 2531 uelim

229 2570 361 2640 venuit,
385 2569 425 2632 ‘ld
445 2568 609 2647 optarim).
652 2569 826 2646 Utramque
847 2571 1057 2633 offensionem
1083 2579 1119 2632 ut
1144 2573 1309 2645 tollerent,
1337 2569 1530 2631 Baehrensio
1557 2576 1688 2646 excepto
1715 2586 1828 2630 omnes
1855 2569 1992 2629 editores

226 2667 377 2728 Italorum
399 2670 617 2729 coniecturam
635 2674 732 2745 puter
753 2676 951 2745 receperunt.
994 2668 1114 2731 Deinde
1142 2669 1182 2730 ob
1210 2686 1339 2729 causam
1366 2670 1429 2728 iam
1456 2675 1741 2728 commemoratam
1769 2674 1801 2727 et
1822 2667 1991 2741 indicativi,

226 2765 281 2841 qui
311 2772 497 2842 sequuntur,
529 2766 711 2843 darcorque,
742 2765 978 2845 proripiorque
1000 2768 1144 2829 mendosi
1165 2774 1254 2842 sunt,
1280 2766 1384 2843 quade
1405 2783 1440 2827 re
1461 2766 1600 2826 editores
1621 2771 1747 2841 praeter
1767 2763 1994 2825 Baehrensium

226 2864 422 2940 scripserunt
448 2882 521 2926 cum
540 2864 627 2925 Italis
645 2864 827 2941 ducarque
841 2866 1146 2943 -proripiurque.
1183 2864 1245 2927 Sed
1261 2865 1444 2925 etiamnunc
1463 2868 1561 2923 restat
1575 2862 1715 2922 offensio.
1744 2863 1895 2938 Loquitur
1909 2865 1994 2923 enim

227 2967 321 3037 poeta
342 2962 382 3023 de
403 2963 525 3038 legibus
547 2969 577 3022 et
598 2961 727 3039 abipso
748 2969 781 3024 et
802 2980 821 3021 a
841 2965 947 3039 puella
967 2981 1025 3024 sua
1046 2963 1262 3035 observandis,
1283 2961 1398 3038 quihus
1412 2960 1536 3020 violatis
1558 2958 1690 3036 puella
1710 2959 1841 3035 quidem
1862 2961 1991 3035 ipsum

227 3062 371 3125 maximis
392 3060 508 3120 alliciat
529 3060 649 3137 poeniS,
670 3067 833 3121 utcontra
855 3063 937 3138 ipse
958 3062 1130 3139 puellam
1152 3062 1229 3121 nolit
1249 3061 1392 3136 pulsare:

1192 3158 1326 3217 laudare
1347 3175 1404 3215 uec
1424 3156 1526 3215 ullam

710 3257 830 3333 possim
851 3275 928 3334 eqo,
953 3257 1031 3334 quin
1054 3257 1157 3315 octalos
1179 3259 1308 3332 uppetut
1334 3254 1411 3314 itta
1434 3271 1526 3327 meos,

714 3354 787 3414 Nou
808 3374 871 3432 eqo
892 3367 927 3415 te
947 3357 1077 3433 pulsare
1097 3354 1202 3414 uelim.

226 3454 312 3515 Haec
339 3457 539 3530 apertissima
566 3456 721 3532 oppositio
748 3461 844 3531 atque
865 3454 1064 3527 vicissitudo,
1092 3470 1155 3529 qua
1181 3459 1317 3528 utraque
1350 3466 1488 3528 persona
1521 3451 1706 3527 gravissime
1739 3451 1869 3511 effertur
1895 3458 1990 3529 atquo

224 3568 321 3631 agens
344 3554 512 3627 inducitur,
534 3555 713 3615 necessario
728 3554 893 3630 flagitaret,
913 3560 948 3613 ut
969 3553 1162 3612 scriberetur
1183 3567 1246 3610 non
1268 3550 1379 3607 ducor
1400 3554 1432 3609 et
1450 3548 1637 3626 proripias,
1658 3550 1771 3609 sed-
1785 3549 1870 3625 quod
1892 3548 1992 3610 Baeh-

223 3653 348 3712 rensius
369 3653 563 3711 coniecit-
584 3652 706 3725 ducat,
726 3651 899 3729 proripiat
919 3649 1060 3728 (puella),
1082 3651 1141 3710 nisi
1162 3648 1212 3710 his
1234 3665 1360 3725 quoque
1375 3649 1565 3708 coniecturis
1585 3650 1721 3725 receptis
1741 3647 1815 3708 inde
1836 3664 1918 3708 nova
1939 3664 1991 3709 ex·

222 3750 348 3809 sisteret
369 3747 548 3822 difficultas,
569 3750 654 3827 quod
676 3750 837 3810 obiectum
859 3768 910 3808 me
929 3747 1176 3824 haudquaquam
1197 3751 1305 3824 posset
1328 3745 1500 3806 desiderari
1526 3746 1563 3805 ci.
1587 3752 1716 3823 oppetat
1738 3746 1811 3804 itta
1832 3764 1930 3805 ineos
1950 3779 1991 3791 -

222 3864 288 3906 nou
310 3865 376 3924 eqo
398 3853 442 3906 te.
491 3847 592 3918 Quam
613 3849 804 3909 artissimam
824 3848 905 3910 inter
930 3865 1042 3909 versus
1069 3850 1109 3909 to
1129 3853 1161 3907 et
1182 3847 1220 3907 73
1246 3845 1455 3905 conexionem
1480 3844 1576 3904 modo
1604 3844 1852 3905 demonstratam
1880 3851 1990 3907 teneas

223 3946 328 4018 velim,
350 3952 384 4005 ut
405 3962 590 4022 cognoscas,
612 3963 765 4023 quorsum
785 3953 909 4024 spectet
929 3947 1169 4023 argumentatio.
1212 3944 1354 4020 Denique
1376 3942 1519 4003 inhaeret
1540 3942 1672 4003 offensio
1694 3944 1862 4003 elocutioni
1883 3943 1988 4019 prori-

218 4042 356 4118 piarque
376 4044 464 4101 vics
485 4059 541 4120 pro
561 4060 630 4119 per
651 4045 729 4118 vius,
751 4045 782 4104 id
803 4045 889 4121 quod
911 4061 974 4104 non
989 4044 1093 4105 solum
1115 4043 1216 4102 rarius
1238 4047 1288 4101 est
1308 4057 1408 4118 genus
1431 4040 1565 4113 dicendi,
1585 4047 1621 4100 ut
1642 4047 1731 4116 putat
1744 4041 1916 4114 Disaenius,
1930 4041 1988 4101 sed

223 4174 260 4182 -
283 4141 368 4216 quod
390 4158 449 4217 ego
473 4143 572 4201 sciam
594 4176 632 4184 —
655 4142 740 4201 nullo
762 4144 891 4203 omnino
914 4149 1018 4219 potest
1039 4140 1239 4217 comprobari
1267 4141 1412 4216 exemplo
1442 4138 1571 4212 idoneo;
1599 4155 1683 4212 nam,
1711 4155 1793 4215 quae
1820 4139 1983 4199 Dissonius

221 4239 338 4297 attulit:
364 4240 420 4296 ire
441 4237 521 4312 vius,
538 4255 697 4296 crescere
709 4239 780 4311 iter,
797 4237 896 4311 viam,
912 4257 1013 4310 mare,
1031 4257 1070 4300 ea
1084 4238 1226 4315 prolecto
1239 4245 1305 4298 tam
1320 4239 1463 4298 similiter
1477 4253 1540 4296 non
1555 4242 1630 4295 sunt
1645 4243 1836 4312 comparata,
1851 4243 1886 4297 ut
1900 4235 1984 4297 hanc

220 4337 432 4396 elocutionem
454 4343 527 4413 apta
547 4338 610 4397 sint
631 4336 670 4396 ad
690 4337 917 4398 illustrandam.
953 4337 1082 4398 Graecis
1103 4342 1209 4396 autem
1231 4336 1394 4412 exemplis,
1416 4334 1520 4410 qualia
1534 4325 1827 4410 Wunderlichius2)
1847 4335 1986 4407 excitat:

221 4437 322 4505 ἄγομαι
347 4435 417 4496 rx'vd'
443 4439 543 4501 {reineri
571 4433 629 4499 o‘da'r
654 4437 814 4516 (SophOOl.
842 4438 945 4514 Aniig.
968 4437 1041 4513 877)
1063 4441 1113 4499 vel
1138 4435 1287 4504 δεινοτάτας
1314 4480 1320 4493 .
1344 4481 1351 4493 .
1375 4481 1381 4493 .
1404 4482 1410 4494 .
1433 4436 1564 4502 arathus
1588 4432 1723 4501 κελεύθους
1747 4432 1988 4512 (Elecll'.1168)

219 4537 264 4596 nil
279 4536 514 4611 comprobatur.
558 4539 658 4610 Quam
673 4538 713 4597 oh
728 4538 857 4597 causam
872 4537 1019 4597 Heinsius
1034 4538 1170 4597 coniecit
1188 4554 1257 4612 per
1272 4536 1492 4611 raptorque
1507 4532 1586 4603 vius,
1603 4533 1748 4609 Riglerus
1766 4533 1985 4593 audacissime

220 4635 382 4692 iinmerito
404 4636 537 4693 mutavit
558 4637 589 4694 in
612 4634 652 4692 iu
675 4633 830 4693 medias.
862 4633 1013 4694 Videmus
1034 4634 1136 4709 igitur,
1159 4633 1361 4693 difficultates
1375 4637 1411 4691 ut
1430 4630 1590 4704 tollantur,
1605 4635 1754 4707 quattuor
1767 4633 1819 4691 vel
1842 4632 1982 4706 quinque

220 4842 434 4849 -—--—

332 4971 354 5040 ¹)
374 4975 531 5026 comment.
545 4986 573 5039 p.
586 4969 648 5024 lli.

330 5061 351 5128 ²)
371 5063 400 5116 in
420 5066 578 5116 comment.
598 5076 625 5129 p.
645 5059 688 5115 82.
